3062 4920
326 285 407 372 136
631 307 806 372 neuneu
838 307 1082 372 ruusurzun

319 459 473 548 Πάτρας,
494 456 714 543 εὖρισκάμενοι
736 461 783 534 εἰς
802 457 858 542 την
878 459 910 522 Γ
907 459 1078 541 λαρὲντζαν
1097 454 1283 540 ἐγράψαμεν
1304 463 1419 522 πολλα-

318 587 367 638 κις
387 557 466 645 πρός
482 559 558 635 τσάς
577 561 632 642 τῆς
652 555 809 642 Πάτρας,
829 561 997 632 σταλέντος
1017 557 1085 621 ἐκεῖ
1105 559 1162 622 τοῦ
1182 556 1372 637 Πεδιάτοο,
1396 555 1418 620 ii

318 662 493 744 συνέτυχον
529 661 598 722 ἐκεῖ
623 659 764 741 λέγοντες
784 653 893 734 αάτοῖς
920 656 975 720 καί
994 655 1070 739 περὶ
1089 648 1133 721 οἷν
1153 653 1268 736 ἔταξαν
1288 659 1334 742 τῷ
1350 662 1419 722 Πε-

319 759 422 847 διάτη.
466 755 554 822 οἶδὲ
582 757 789 839 ἀντέγραψαν
817 750 898 842 πρός
925 757 1009 841 ἡμᾶς
1030 753 1190 832 πολλάκις.
1233 755 1314 840 πλην
1334 757 1421 840 ε’κρί-

318 881 406 925 νοντο
439 863 514 942 παρ’
544 853 634 940 ἡμῶν
662 856 827 936 α’δάνατα,
860 855 904 932 uic
935 858 990 920 sui
1011 855 1028 918 δ
1052 852 1163 938 καιρός
1185 851 1293 934 ἔδειξε.
1335 859 1447 933 τέλος5

319 957 496 1043 δστησαμεν
525 957 579 1022 ἵνα
610 954 663 1020 διά
699 955 811 1032 νυκτός
840 959 1028 1038 βαδίσαντες
1058 955 1241 1038 εόρεθώμεν
1263 957 1309 1030 εἰς
1326 951 1422 1020 τόπον

319 1061 451 1144 πλησίον
480 1059 542 1122 τών
575 1056 674 1142 ὁρίων
706 1058 771 1120 τών
791 1057 971 1140 Πατρηνών
992 1057 1202 1136 α’μπελώνων,
1227 1051 1423 1134 καλούμενον

318 1161 363 1234 εἰς
384 1157 443 1234 τάς
460 1165 544 1240 τρεῖς
566 1157 747 1240 ἐκκλησίας,
771 1159 808 1222 αἳ
833 1152 1011 1220 ααλαιόθεν
1031 1148 1126 1239 η’σαν·
1178 1155 1278 1218 ἐκεῖσε
1310 1154 1346 1216 di
1367 1152 1424 1216 ssi-

318 1259 442 1342 ρεθώσι
463 1255 518 1320 καί
542 1253 572 1320 oi
593 1248 778 1340 ἅνθρωποι,
808 1255 863 1319 καί
883 1253 1050 1338 δηλώσωσι
1073 1250 1285 1328 πλατύνοντες
1303 1249 1345 1316 τά
1366 1251 1423 1316 διά

318 1359 468 1442 γραφῆς,
501 1357 557 1420 κατ’
585 1358 616 1419 εἰ
640 1359 700 1437 μὲν
732 1348 815 1440 ἦσαν
843 1350 986 1436 δυνατά,
1016 1357 1230 1438 ι’νεργηθώσι,
1256 1354 1287 1418 εἰ
1314 1355 1343 1418 δ’
1365 1345 1468 1433 σά,ισ

320 1457 512 1537 α’πέλθωμεν
536 1459 684 1542 φανερώς
705 1459 892 1520 α’ποιιλεῖσαι
915 1453 950 1520 τό
971 1457 1118 1538 κάστρον,
1140 1453 1196 1516 καί
1212 1453 1255 1529 ώς
1277 1456 1359 1540 φὲρη
1384 1451 1423 1516 τά

320 1560 430 1642 φέρον.
470 1556 616 1620 solidari
641 1555 829 1639 ἐγράψαμεν
850 1553 1076 1640 προστάγματα
1098 1552 1178 1637 πρός
1209 1549 1328 1628 πάντας
1347 1550 1425 1624 τούς

320 1659 356 1720 ὲν
375 1658 415 1741 τῇ
428 1657 564 1741 περιοχῇ
583 1657 639 1738 τῆς
655 1649 792 1738 Ἰθώμης
812 1654 869 1718 καί
884 1651 1079 1738 Ἀνδροάσης
1091 1656 1125 1718 ἐν
1139 1656 1184 1740 regi
1204 1651 1425 1738 ΙλλεσσιγνιακηίΙ

320 1752 426 1842 κόλπῳ
450 1756 505 1818 κατ’
522 1755 584 1819 τών
607 1750 671 1818 ἔσω
693 1753 749 1818 καὶ
763 1751 823 1833 ἔξω
845 1755 960 1836 ζυγών,
985 1753 1036 1818 ἵνα
1058 1755 1097 1840 τῇ
1115 1750 1225 1840 πρώτη
1246 1755 1302 1816 τοῦ
1320 1753 1425 1834 Μαρ-

319 1853 390 1919 τίου
418 1851 517 1937 μηνός
544 1855 601 1918 τοῦ
629 1853 732 1917 αδτοῦ
763 1851 856 1928 ἔτους
886 1850 1006 1918 ἔλθωσι
1038 1849 1121 1932 μετά
1154 1847 1259 1916 ὅπλων
1286 1852 1343 1914 καί
1360 1852 1470 1917 sederi

320 1949 474 2018 πλειόνων
499 1948 677 2038 ἀνθρώπων
697 1955 756 2037 τῆς
779 1953 883 2038 α’ρχῆς
903 1949 973 2026 ἑνός
994 1947 1129 2016 ἑκάστου
1150 1950 1269 2030 αδτών,
1291 1948 1348 2014 καί
1367 1947 1424 2012 οδ-

321 2075 384 2127 τως
404 2055 559 2128 τακτικώς
582 2055 719 2118 διελθεῖν
739 2050 794 2117 τόν
814 2049 911 2118 τόπον
926 2055 983 2116 τοῦ
1002 2053 1182 2138 πριγνίπου,
1204 2048 1260 2114 κατ’
1280 2052 1426 2133 δεχθώσι

321 2153 377 2214 κατ’
396 2149 664 2235 συναπαντὴσωσι
695 2150 751 2216 τόν
778 2151 848 2217 νόον
878 2151 1037 2236 αδθὲντην
1064 2149 1287 2233 εἰσερχόμενον
1315 2153 1351 2214 ἐν
1379 2151 1428 2238 τῷ

321 2251 540 2336 Μεσσηνιακηλ
562 2249 665 2338 κόλπῳ
686 2255 742 2316 καί
756 2255 870 2334 ζυγοῖς.
914 2248 1031 2329 ὁμοίως
1051 2249 1195 2334 ἐμηνύθη
1216 2252 1272 2312 καί
1290 2251 1336 2335 τῷ
1349 2256 1427 2316 Λα-

321 2347 433 2430 ακάρει
453 2348 582 2435 Ἀλεξίῳ
606 2355 651 2436 τῷ
672 2351 707 2412 ἐκ
721 2352 906 2433 Βοστίτζης.
929 2345 1074 2424 ἐλθόντες
1096 2341 1153 2412 οὖν
1174 2345 1364 2434 ἑκινὴθημεν
1385 2351 1474 2414 naiso

322 2445 376 2512 διά
399 2449 456 2532 τῆς
477 2443 555 2511 όδσό
575 2449 632 2532 τῆς
653 2446 733 2532 πρός
753 2447 809 2533 την
825 2439 963 2531 Ἄσσον,
998 2445 1078 2512 άλλά
1102 2445 1157 2512 διά
1175 2449 1232 2533 τῆς
1249 2449 1283 2526 ἐξ
1303 2445 1430 2512 suissed-

401 2641 423 2676 ι.
441 2621 641 2696 εὑρισκόμενος
658 2626 677 2678 Ρ
778 2643 803 2677 a.
820 2619 895 2697 πρός
913 2621 964 2686 usic
982 2629 1135 2698 συνέτυχον
1149 2627 1188 2698 spi
1204 2624 1355 2700 Παδιάτη,
1376 2633 1430 2682 καλ
1527 2669 1528 2674 =

397 2692 582 2766 ἀντέγραψαν
598 2697 627 2746 Μ
704 2714 729 2766 7·
747 2703 879 2768 πατρίων
899 2695 1034 2769 ἀμπέλων
1050 2701 1069 2748 Ρ
1161 2715 1198 2749 ιο.
1216 2693 1251 2763 ἦν
1268 2697 1430 2754 demde?
1527 2707 1528 2764 j

402 2782 441 2818 rr.
458 2771 506 2820 καλ
524 2765 736 2840 δασκλείσιυμεν
755 2769 774 2821 P
845 2783 888 2820 aa.
904 2773 951 2834 τῆς
966 2773 1033 2839 περὶ
1050 2764 1141 2840 (παρά
1152 2769 1175 2840 i)
1194 2763 1244 2824 τόν
1264 2759 1391 2841 stipatis
1408 2772 1427 2822 Ρ

324 2919 454 2978 Lascsris.
473 2920 545 2972 iuter
559 2937 684 2990 proceres
696 2921 771 2974 illius
789 2921 885 2974 domus
903 2922 1039 2992 princeps,
1059 2923 1093 2974 sd
1113 2921 1317 2991 gubernandam
1334 2923 1429 2977 Bosti·

325 2998 393 3041 taam
406 2991 515 3042 relictus
528 2999 569 3042 est
587 2991 682 3060 ibique
698 2993 836 3044 remansit.
858 2995 887 3043 in
897 2995 967 3044 viam
978 2994 1059 3061 igitur
1074 3009 1102 3044 se
1113 2993 1201 3056 dedit,
1215 3001 1245 3045 ut
1256 2994 1429 3062 significavi,

324 3059 520 3112 Constantinus
537 3061 661 3132 despota,
680 3060 805 3115 dominus
824 3080 909 3126 meus,
929 3081 1033 3116 mecum
1048 3063 1106 3114 solo
1124 3065 1153 3115 in
1167 3080 1196 3115 re
1206 3063 1328 3116 Patrensi
1343 3065 1430 3117 adin-

323 3140 385 3184 tors
396 3150 403 3196 ς
418 3147 558 3202 quumque
569 3133 733 3184 Giarentzae
743 3149 868 3196 essemus,
879 3129 991 3186 Pediat'e
1006 3135 1104 3186 nuntio
1115 3135 1165 3198 usi,
1175 3151 1256 3204 saepe
1267 3135 1430 3206 scripsimus

323 3201 358 3254 ad
369 3203 509 3255 Patrenses
528 3202 563 3254 de
583 3202 626 3266 iis,
648 3221 719 3274 quas
731 3221 791 3255 cum
806 3204 919 3258 Pediste
932 3213 1044 3274 egerant
1060 3207 1322 3276 constitueruntque,
1339 3215 1430 3278 atque

323 3273 367 3324 iiii
390 3291 472 3344 saepe
494 3273 575 3325 nobis
606 3276 815 3344 rescripserunt:
846 3293 917 3346 quae
944 3285 1036 3328 tamen
1064 3275 1250 3328 iudicabamus
1278 3277 1340 3328 ficri
1371 3297 1431 3331 nou

323 3361 423 3415 posses
452 3343 482 3398 id
510 3348 585 3416 quod
608 3353 715 3415 tempus
739 3345 871 3416 probavit.
890 3347 999 3399 tandem
1029 3348 1235 3408 constituimus,
1260 3355 1292 3399 ut
1310 3357 1432 3402 noctur·

323 3431 360 3466 no
380 3415 479 3468 itinere
497 3416 526 3468 in
544 3415 750 3468 locumfinibus
768 3418 935 3469 Patrensium
959 3419 1111 3470 vinetouun
1136 3418 1252 3468 vicinum
1281 3435 1332 3470 nos
1360 3437 1434 3474 core-

323 3485 472 3550 ferremus,
489 3503 505 3538 a
523 3487 611 3540 tribus
631 3489 752 3539 ecclesiis
770 3497 964 3558 nssncupatum,
986 3505 1055 3560 quae
1074 3505 1108 3540 ex
1123 3489 1205 3556 longo
1217 3487 1281 3540 inde
1299 3497 1433 3562 tempore

324 3555 364 3606 ibi
382 3566 474 3609 erant:
491 3557 588 3610 eodem
607 3558 650 3610 ilii
675 3575 703 3610 se
725 3559 894 3622 conferrent,
913 3569 941 3612 et
960 3577 1029 3630 quae
1048 3560 1227 3630 scripsissent,
1244 3560 1359 3630 plenius
1381 3581 1434 3616 co-

323 3643 380 3677 ram
399 3638 585 3696 exponerent,
615 3638 697 3698 atque
715 3647 747 3681 ea
775 3631 798 3681 si
818 3629 929 3700 quidem
953 3639 1044 3682 essent
1070 3630 1217 3695 eiusmodi,
1236 3639 1267 3682 ut
1284 3631 1346 3683 fieri
1363 3651 1434 3703 pos.

324 3703 398 3760 sent,
418 3699 530 3749 fierent:
550 3700 592 3750 sin
607 3701 714 3764 minus,
739 3707 834 3770 aperte
852 3701 887 3752 ad
906 3701 1003 3771 oppidi
1027 3701 1200 3754 obsidionem
1219 3701 1436 3772 aggrederemur

324 3775 354 3819 et
371 3769 590 3837 permitteremus
617 3787 671 3822 rem
695 3779 815 3823 nostram
839 3771 972 3826 fortunae.
1003 3773 1068 3824 item
1097 3771 1131 3824 ad
1150 3789 1242 3824 omues
1260 3774 1289 3823 in
1310 3775 1435 3828 circuitu

322 3835 444 3890 Ithomes
462 3839 647 3904 etAndrusae,
666 3839 700 3892 ad
716 3843 804 3894 sinum
814 3843 1010 3895 Messeniorum
1028 3852 1056 3896 et
1074 3845 1145 3896 intra
1161 3843 1205 3895 vel
1218 3853 1293 3896 extra
1311 3852 1434 3898 tractum

323 3908 401 3960 ilium
414 3909 579 3974 habitantes,
592 3913 755 3980 scripsimus,
766 3923 797 3965 ut
810 3913 930 3966 calendis
939 3915 1045 3968 Martiis
1055 3914 1177 3966 eiusdem
1188 3915 1253 3966 anni
1265 3931 1327 3966 cum
1339 3919 1435 3980 armis,

305 3995 460 4050 'manuque
473 3980 586 4032 militari
604 3997 660 4032 uon
679 3983 773 4052 exigua
789 3984 902 4037 ditionis
929 4001 994 4036 suae
1024 3985 1144 4055 quilibet
1169 3983 1315 4050 adessent,
1339 3996 1369 4039 et
1392 3989 1434 4041 ita

324 4049 452 4106 instructi
481 4051 548 4103 iines
577 4053 707 4122 principis
737 4055 899 4119 transirent,
927 4065 1155 4126 occurrerentqus
1187 4071 1258 4108 novo
1288 4058 1434 4128 principi,

324 4137 416 4173 versus
435 4123 523 4174 sinum
544 4123 741 4175 Messeniacurn
769 4134 797 4177 et
819 4127 896 4178 iilum
929 4135 1044 4180 tractum
1074 4124 1243 4197 procedenti.
1279 4127 1353 4180 idem
1373 4131 1433 4181 uo·

324 4193 428 4246 stitsam
449 4194 546 4246 Aiesio
567 4193 673 4248 [πιστοὶ
693 4197 849 4250 nuntiatum
862 4207 909 4252 est.
947 4215 996 4252 nos
1013 4199 1082 4252 riam
1101 4215 1156 4251 non
1170 4213 1239 4264 eam,
1258 4214 1332 4270 quse
1350 4207 1434 4254 trans
