3018 4928
329 271 412 356 352
641 295 814 362 cconcu
846 291 1088 358 canini-cin

327 449 410 512 ε”στιν
432 443 448 511 ά
472 445 552 534 άνῆρ
573 450 628 513 καί
648 441 667 532 'l
689 444 802 511 τούτου
816 444 914 528 γονῆ·
936 443 995 526 μία
1020 446 1056 510 δὲ
1070 445 1126 509 καί
1144 451 1257 511 πολλαί
1276 443 1314 510 οδ
1335 447 1409 510 ταί·

326 547 392 612 τάν.
437 551 468 613 εἰ
490 551 518 614 δ’
539 545 616 622 ἴσως
637 549 692 610 καί
711 541 728 607 ά
753 545 926 627 νομοθέτης
941 545 1087 628 Μωυσῆς
1107 547 1237 608 ἐνέδωκε
1258 557 1321 622 τοῖς
1338 547 1410 610 ’1ου-

326 648 427 722 δαίοις
462 645 548 729 ἔχειν
582 650 637 712 tva
668 649 799 710 ἕκαστον
825 651 992 726 γυναῖκας,
1022 645 1283 725 συγκαταβάσεως
1316 645 1411 709 ἕνεκεν

328 751 421 812 τοῦτο
445 745 632 831 πεποίηκεν,
654 739 760 828 ὥσπερ
790 742 845 806 καί
864 740 920 807 lui
938 743 994 824 τῆς
1014 745 1078 806 τοῖν
1100 745 1189 822 ζώων
1210 747 1345 826 θυσίας,
1364 733 1411 807 ἵνα

326 849 383 929 τῆς
405 849 524 930 μιαρᾶς
549 843 711 929 α’παλλάξη
733 840 851 916 ου’τοάς
872 845 933 906 τάν
953 840 1074 906 παίδων
1093 847 1300 930 μιαιφονίας·
1343 843 1361 906 δ
1381 843 1434 912 δὲ5

329 945 470 1028 Χριστὸς
493 942 607 1023 ἐλθών,
635 939 741 1024 ὥσπερ
766 942 903 1006 ἐκώλυσε
924 939 983 1024 τῆν
1002 941 1066 1006 τάν
1092 941 1321 1025 tuciacum,
1341 949 1414 1024 πλη-

329 1047 393 1123 ρῶν
416 1043 468 1109 τὸν
489 1047 548 1109 τοῦ
569 1045 668 1125 νάμσυ
689 1039 816 1122 σκοπόν,
841 1035 940 1116 οὕτως
965 1043 1021 1105 καί
1042 1039 1099 1125 τῆν
1122 1043 1321 1124 πολογαμίαν
1342 1042 1413 1106 ἑκά-

312 1148 432 1207 ‚tvm
462 1141 479 1206 δ
502 1139 706 1222 δὲΜωάμιθ
727 1140 836 1206 οὑτοσί
855 1139 928 1203 α’ντί
945 1137 1157 1225 σωφροσύνης
1179 1135 1350 1206 ἀκολασίαν
1371 1165 1415 1203 νε.

328 1245 516 1326 νομοθέτηκε
530 1241 573 1324 μῆ
607 1241 704 1324 μόνον
738 1241 771 1304 ἐν
793 1241 836 1325 τῷ
857 1237 989 1322 παρόντι
1010 1241 1119 1319 αἰῶνι,
1147 1239 1229 1305 cilici
1251 1240 1306 1306 καί
1325 1243 1358 1305 ἐν
1377 1243 1416 1327 τῷ

328 1345 474 1422 μέλλοντι
494 1347 596 1406 ταῦτα
617 1339 703 1424 παρά
727 1343 806 1405 θεοῦ
826 1343 1166 1424 πολλαπλασιασάῆναι
1187 1339 1329 1418 διδάξας.
1370 1339 1451 1402 auito

330 1437 413 1506 ἔστιν
436 1441 514 1504 idaia
535 1443 569 1505 ἐν
589 1438 678 1529 αὐτῷ
700 1437 734 1504 τά
748 1441 805 1504 τοῦ
823 1437 931 1520 Δαβίδ
951 1437 1055 1520 λόγιον
1069 1437 1103 1503 τά
1124 1441 1244 1526 φάσκον
1264 1435 1315 1504 δτι
1335 1441 1416 1504 inut-

329 1547 428 1604 νεῖται
451 1538 467 1605 ὁ
488 1539 676 1623 άμαριωλάς
697 1541 731 1604 ἐν
750 1547 822 1612 ταῖς
842 1538 1031 1620 ἐπιθυμίαις
1050 1541 1107 1624 τῆς
1127 1543 1236 1622 ψυχῆς
1249 1540 1352 1604 αὐτοῦ
1370 1539 1418 1602 κατ’

329 1637 346 1704 ὃ
371 1638 491 1703 άδικαῖν
513 1639 751 1720 ἐνευλογεῖται,”
768 1641 927 1702 τουτέστιν
949 1639 1133 1700 ’ἐπαινεῖται
1155 1638 1210 1702 καί
1230 1636 1416 1722 ἐγκωμιάζ-

330 1763 382 1804 ται
407 1738 494 1822 παραὶ
507 1743 570 1803 τῶν
582 1741 816 1803 κολακευόντων
835 1735 930 1802 αὐτὸν
945 1740 1000 1801 καί
1015 1733 1221 1821 ἐριθιζάντων
1243 1739 1347 1802 adacei
1367 1735 1416 1818 τῆν

331 1839 443 1904 κακιάν
464 1842 519 1902 καί
530 1841 610 1922 μηδὲ
624 1837 774 1922 αἴσθησιν
795 1839 851 1920 τῆς
872 1837 967 1900 νάσου
982 1840 1056 1918 γοῦν
1079 1835 1131 1900 διά
1147 1841 1271 1920 σιωπῆς
1292 1837 1414 1918 ἐμποιῆ·
1426 1835 1452 1897 ιδ

331 1963 388 2004 σαι
410 1937 617 2020 ἀνεχομένων.
659 1934 709 2000 διδ
735 1938 791 2000 καί
810 1935 936 2010 α’νίατος
967 1934 983 2001 ὁ
1005 1939 1145 2012 τοιοῦτος
1165 1933 1364 2018 εάρίσκεται·
1386 1932 1414 1996 τά

331 2037 392 2122 γάρ
420 2041 502 2121 μηδὲ
535 2039 685 2120 αἴσθησιν
714 2037 771 2101 τοῦ
792 2033 915 2110 πάθους
942 2031 1017 2118 ἕχον
1048 2039 1223 2120 θεραπείαν
1246 2029 1320 2099 οὔτε
1343 2036 1422 2116 ζητεῖ

333 2131 405 2202 οὔτε
426 2137 600 2220 προσίεται.
653 2140 708 2199 καί
727 2131 821 2198 τοάτά
843 2139 912 2198 ἐστι
933 2131 969 2199 τά
991 2133 1117 2199 πάντων
1138 2137 1329 2214 δεινότατον,
1352 2127 1418 2195 itur

334 2235 353 2320 ἦ
376 2240 468 2300 κακία
502 2237 666 2318 ἐπαινῆται
698 2237 753 2297 καί
779 2235 860 2316 μηδὲ
883 2231 977 2298 κακίάι
999 2227 1081 2298 εἶναι
1101 2235 1287 2318 νομίζηται·
1329 2225 1417 2313 άγάρ

335 2337 490 2420 δηλωθείς
518 2333 669 2413 Μωάμεθ
693 2331 730 2397 τά
754 2331 831 2416 πρὸς
851 2333 948 2415 χάριν
968 2337 1023 2398 καί
1039 2335 1151 2418 τέρψιν
1169 2335 1231 2396 ταῖν
1254 2328 1455 2414 άνδράπωιιο

337 2433 515 2500 ἐσπούδασε
538 2433 592 2496 καί
612 2435 765 2514 ἐδίδαξεν,
784 2436 836 2496 ἵνα
870 2431 923 2495 διά
947 2435 1002 2516 τῆς
1023 2431 1139 2518 ἡδονῆς
1159 2433 1370 2516 ἐπισπάσηται
1389 2419 1419 2491 τά

334 2537 457 2619 πλῆθος
479 2537 540 2596 ταῖν
559 2533 725 2625 άφράνιυν.

410 2625 476 2697 Ἔτι
496 2633 572 2716 περί
599 2633 661 2695 τῶν
685 2633 810 2712 α’νδριδν
829 2629 926 2711 μόνον
955 2632 1045 2712 μέλει
1066 2631 1111 2718 rigi
1131 2630 1197 2718 θεῷ
1216 2627 1262 2704 ὥς
1284 2619 1418 2707 πλασμά-

409 2789 434 2838 3.
451 2791 513 2906 ρρρῑ
532 2793 670 2854 γυναὶκας
685 2784 774 2834 locum
796 2786 907 2832 vacuum
928 2783 948 2836 P
1034 2799 1072 2834 ιι.
1089 2776 1125 2836 τά
1144 2813 1176 2824 -
1196 2781 1282 2854 λόγια
1301 2782 1418 2855 φάσκον·

407 2871 455 2914 τος

339 3005 447 3042 carnem
464 2989 620 3041 coniunctas
639 2989 705 3049 fore,
726 2987 774 3039 aed
792 2988 864 3053 duo,
882 2987 910 3041 h.
931 3005 955 3042 e.
982 2991 1069 3042 virum
1090 2998 1118 3042 et
1136 3005 1248 3042 {exorem
1266 2989 1333 3041 eine.
1352 2984 1416 3054 atqui

339 3077 394 3114 nna
413 3069 442 3114 et
461 3059 565 3112 multae
586 3075 641 3110 non
662 3057 755 3109 eadem
777 3077 818 3111 res
838 3068 887 3112 eet.
925 3059 1024 3132 quodni
1045 3062 1151 3128 Moyses
1170 3062 1313 3128 legislator
1330 3056 1415 3128 permi-

340 3133 376 3184 ait
392 3129 518 3192 hidacii,
553 3137 581 3180 ut
600 3131 698 3197 singuli
718 3131 807 3198 pluma
826 3145 922 3182 uxorea
942 3131 1092 3195 haberent,
1115 3130 1285 3200 indulgentia
1304 3147 1335 3180 ea
1354 3135 1416 3184 erat,

340 3203 409 3254 aicut
427 3203 456 3252 in
473 3199 655 3272 permittendo
678 3199 834 3251 animalium
853 3202 993 3265 sacrificio,
1012 3221 1067 3274 quo
1086 3219 1132 3254 eos
1151 3201 1336 3274 prohibiturns
1353 3205 1416 3256 ent,

341 3290 376 3324 ne
396 3271 498 3324 liberos
517 3269 679 3322 occiderent.
718 3279 746 3321 at
762 3270 898 3334 Christus,
917 3274 986 3326 sicut
1002 3274 1160 3326 animalium
1179 3273 1307 3324 sacrificia
1328 3269 1414 3327 vetuit,

341 3345 423 3394 finem
443 3344 509 3410 legia
529 3350 646 3403 ιοσυιιιι,
668 3342 704 3392 ita
723 3342 804 3393 etiam
818 3344 998 3412 polygamiam
1016 3345 1111 3396 vetuit.
1148 3353 1176 3396 at
1192 3343 1356 3396 Muhametec
1373 3339 1415 3389 iste

341 3429 389 3482 pro
411 3411 545 3466 inodeatia
565 3413 702 3462 licentiam
714 3429 768 3464 non
788 3413 874 3466 colum
894 3416 923 3466 in
940 3413 991 3466 hac
1008 3416 1065 3467 vita
1083 3417 1144 3482 lege
1165 3416 1263 3478 sanxit,
1284 3411 1415 3465 sedetiam

342 3487 371 3535 in
389 3485 445 3536 vita
463 3484 554 3534 scitura
573 3480 667 3534 eadem
685 3481 772 3534 adeo
793 3485 1001 3552 multiplicatum
1023 3487 1057 3536 iri
1083 3485 1184 3537 docuit
1208 3503 1237 3536 ac
1257 3483 1378 3553 probatur
1391 3478 1414 3528 it

342 3555 391 3606 iilo
409 3553 519 3606 Davidie
547 3551 647 3604 dictum
669 3551 686 3571 “
696 3553 837 3616 laudatur,
856 3555 902 3625 qui
922 3555 1117 3625 cupiditatibus
1144 3558 1227 3608 animi
1246 3554 1377 3622 indulget,
1393 3553 1415 3598 ti

342 3623 513 3676 benedicitur
525 3623 626 3676 iniuste
640 3621 750 3691 agenti”
768 3623 795 3674 h.
810 3642 833 3676 e.
856 3623 981 3678 laudatur
994 3635 1022 3679 et
1041 3626 1211 3697 praedicatur
1228 3626 1263 3678 ab
1282 3628 1323 3686 iia,
1335 3622 1377 3694 qni
1395 3617 1415 3668 ei

343 3692 489 3747 adulantur
509 3701 538 3746 et
562 3695 722 3763 pravitatem
741 3695 799 3747 eiua
821 3697 960 3749 stimulant
988 3716 1019 3749 ac
1039 3717 1074 3750 ne
1094 3715 1200 3750 censum
1219 3695 1326 3768 quidem
1343 3687 1415 3770 morbi

344 3779 360 3814 e
381 3765 491 3816 cilentio
510 3765 575 3816 oriri
594 3766 744 3834 patiuntur.
783 3781 865 3836 quare
890 3785 941 3818 nec
961 3770 1049 3820 aanari
1067 3769 1130 3821 talia
1148 3767 1229 3820 homo
1249 3773 1343 3838 potent.
1376 3774 1414 3829 qul

345 3835 416 3886 enim
437 3835 538 3886 malum
555 3851 590 3886 ne
610 3835 695 3887 aentit
716 3835 835 3906 quidem,
854 3837 1014 3890 medicinam
1036 3857 1086 3892 uec
1103 3841 1219 3910 quaerit,
1238 3855 1288 3891 nec
1305 3831 1413 3887 admittit·

346 3913 429 3988 atque
447 3903 499 3956 hoc
517 3907 637 3956 omnium
657 3907 802 3975 peaaimum
823 3917 872 3970 eat,
891 3909 913 3963 ei
932 3913 1048 3980 pravitas
1065 3909 1193 3962 laudetur
1212 3917 1239 3960 et
1256 3925 1290 3961 ne
1307 3903 1414 3958 creditur

346 3973 454 4044 quadem
475 3975 590 4043 pravitas
609 3993 676 4028 eane.
697 3985 724 4029 at
744 3979 815 4030 enirn
834 3977 1002 4034 Muhametes
1023 3981 1074 4033 ieta
1092 3997 1162 4051 quae
1181 3987 1253 4050 grata
1273 3987 1300 4031 et
1314 3968 1414 4028 iucunda

346 4053 436 4096 cuent
452 4043 616 4108 huminibus,
634 4047 745 4100 iactavit
765 4057 793 4100 at
814 4048 916 4113 docuit,
935 4059 965 4103 ut
983 4052 1131 4118 voluptatis
1149 4049 1294 4121 capiendae
1311 4062 1355 4118 apt
1370 4045 1412 4093 5⁰¹·

345 4115 459 4184 peritam
479 4115 680 4168 multitudinem
702 4119 728 4170 in
746 4127 835 4188 partes
856 4137 916 4174 cuae
937 4121 1112 4192 pertraheret·
1370 4181 1374 4196 ¹

417 4183 522 4240 Deinde
541 4195 628 4240 utrum
647 4189 698 4241 soli
719 4189 768 4244 viri
792 4189 844 4243 deo
864 4207 943 4244 curae
960 4201 1023 4246 aunt
1048 4200 1078 4246 ut
1097 4193 1178 4246 creati
1198 4191 1232 4244 ib
1249 4205 1298 4252 eo,
1316 4183 1410 4240 minum
