<?xml version="1.0" encoding="UTF-8"?>
<!DOCTYPE html PUBLIC "-//W3C//DTD XHTML 1.0 Transitional//EN"
    "http://www.w3.org/TR/xhtml1/DTD/xhtml1-transitional.dtd">
<html xmlns="http://www.w3.org/1999/xhtml" xml:lang="en" lang="en">
 <head>
  <title>
</title>
<meta http-equiv="Content-Type" content="text/html;charset=utf-8" />
  <meta name='ocr-system' content='tesseract 3.04.00' />
  <meta name='ocr-capabilities' content='ocr_page ocr_carea ocr_par ocr_line ocrx_word'/>
</head>
<body>
  <div class='ocr_page' id='page_1' title='image "./georgiusphrantz00anaggoog_0482.png"; bbox 0 0 3012 4924; ppageno 0'>
   <div class='ocr_carea' id='block_1_1' title="bbox 255 278 1172 382">
    <p class='ocr_par' dir='ltr' id='par_1_1' title="bbox 255 278 1172 382">
     <span class='ocr_line' id='line_1_1' title="bbox 255 278 1172 382; baseline -0.01 -11"><span class='ocrx_word' id='word_1_1' title='bbox 255 310 310 372; x_wconf 79' lang='lat' dir='ltr'>oo</span> <span class='ocrx_word' id='word_1_2' title='bbox 341 307 722 374; x_wconf 74' lang='lat' dir='ltr'>consulumuoeom</span> <span class='ocrx_word' id='word_1_3' title='bbox 752 303 1013 372; x_wconf 74' lang='lat' dir='ltr'>Oreticum.</span> <span class='ocrx_word' id='word_1_4' title='bbox 1090 278 1172 382; x_wconf 73' lang='lat'>461</span> 
     </span>
    </p>
   </div>
   <div class='ocr_carea' id='block_1_2' title="bbox 53 453 1279 2621">
    <p class='ocr_par' dir='ltr' id='par_1_2' title="bbox 53 453 1279 2621">
     <span class='ocr_line' id='line_1_2' title="bbox 97 453 1178 542; baseline 0 -20"><span class='ocrx_word' id='word_1_5' title='bbox 97 463 156 534; x_wconf 78' lang='grc' dir='ltr'>ξαν</span> <span class='ocrx_word' id='word_1_6' title='bbox 187 459 240 522; x_wconf 86' lang='grc' dir='ltr'>καί</span> <span class='ocrx_word' id='word_1_7' title='bbox 266 461 329 522; x_wconf 81' lang='grc' dir='ltr'><strong><em>τοῖν</em></strong></span> <span class='ocrx_word' id='word_1_8' title='bbox 346 461 487 541; x_wconf 79' lang='grc' dir='ltr'><strong><em>τζαγρῶν</em></strong></span> <span class='ocrx_word' id='word_1_9' title='bbox 517 459 580 522; x_wconf 77' lang='grc' dir='ltr'>τῶν</span> <span class='ocrx_word' id='word_1_10' title='bbox 595 455 778 540; x_wconf 83' lang='grc' dir='ltr'><strong><em>Ῥωμαίων,</em></strong></span> <span class='ocrx_word' id='word_1_11' title='bbox 800 459 856 522; x_wconf 84' lang='grc' dir='ltr'>καί</span> <span class='ocrx_word' id='word_1_12' title='bbox 876 461 938 522; x_wconf 70' lang='grc' dir='ltr'>τῶν</span> <span class='ocrx_word' id='word_1_13' title='bbox 959 453 1178 542; x_wconf 78' lang='grc' dir='ltr'><strong><em>βουμπάρδιον</em></strong></span> 
     </span>
     <span class='ocr_line' id='line_1_3' title="bbox 98 549 1180 641; baseline 0.001 -22"><span class='ocrx_word' id='word_1_14' title='bbox 98 555 150 632; x_wconf 71' lang='grc' dir='ltr'>τίς</span> <span class='ocrx_word' id='word_1_15' title='bbox 169 559 293 640; x_wconf 81' lang='grc' dir='ltr'><strong><em>πέτρας.</em></strong></span> <span class='ocrx_word' id='word_1_16' title='bbox 335 549 468 624; x_wconf 74' lang='grc' dir='ltr'><strong><em>ὄπισθεν</em></strong></span> <span class='ocrx_word' id='word_1_17' title='bbox 482 560 517 622; x_wconf 77' lang='lat' dir='ltr'>lt</span> <span class='ocrx_word' id='word_1_18' title='bbox 534 556 651 641; x_wconf 77' lang='grc' dir='ltr'><strong><em>ταύτης</em></strong></span> <span class='ocrx_word' id='word_1_19' title='bbox 663 561 830 622; x_wconf 77' lang='grc' dir='ltr'><strong><em>ἐθέσπισεν</em></strong></span> <span class='ocrx_word' id='word_1_20' title='bbox 850 559 902 621; x_wconf 78' lang='grc' dir='ltr'>ἵνα</span> <span class='ocrx_word' id='word_1_21' title='bbox 918 557 1062 621; x_wconf 76' lang='grc' dir='ltr'>ἵστανται</span> <span class='ocrx_word' id='word_1_22' title='bbox 1083 579 1180 636; x_wconf 86' lang='grc' dir='ltr'><strong><em>στρα-</em></strong></span> 
     </span>
     <span class='ocr_line' id='line_1_4' title="bbox 99 652 1180 740; baseline 0.001 -22"><span class='ocrx_word' id='word_1_23' title='bbox 99 658 202 720; x_wconf 80' lang='grc' dir='ltr'><strong><em>τιιὸται</em></strong></span> <span class='ocrx_word' id='word_1_24' title='bbox 223 657 257 718; x_wconf 80' lang='grc' dir='ltr'><strong><em>ἐκ</em></strong></span> <span class='ocrx_word' id='word_1_25' title='bbox 279 661 388 720; x_wconf 76' lang='grc' dir='ltr'><strong><em>πασολν</em></strong></span> <span class='ocrx_word' id='word_1_26' title='bbox 408 657 521 740; x_wconf 77' lang='grc' dir='ltr'><strong><em>γενεῶν</em></strong></span> <span class='ocrx_word' id='word_1_27' title='bbox 542 657 599 720; x_wconf 83' lang='grc' dir='ltr'>τοῦ</span> <span class='ocrx_word' id='word_1_28' title='bbox 620 655 856 740; x_wconf 78' lang='grc' dir='ltr'><strong><em>στρατεύματος</em></strong></span> <span class='ocrx_word' id='word_1_29' title='bbox 885 652 1002 720; x_wconf 78' lang='grc' dir='ltr'><strong><em>τούτου</em></strong></span> <span class='ocrx_word' id='word_1_30' title='bbox 1025 659 1180 739; x_wconf 83' lang='grc' dir='ltr'><strong><em>τολμηροί</em></strong></span> 
     </span>
     <span class='ocr_line' id='line_1_5' title="bbox 98 751 1178 839; baseline 0 -21"><span class='ocrx_word' id='word_1_31' title='bbox 98 756 149 818; x_wconf 79' lang='grc' dir='ltr'>καί</span> <span class='ocrx_word' id='word_1_32' title='bbox 167 755 313 836; x_wconf 81' lang='grc' dir='ltr'><strong><em>α’νιλρεῖοι,</em></strong></span> <span class='ocrx_word' id='word_1_33' title='bbox 334 754 370 820; x_wconf 85' lang='grc' dir='ltr'>τὸ</span> <span class='ocrx_word' id='word_1_34' title='bbox 389 759 459 836; x_wconf 83' lang='grc' dir='ltr'><strong><em>μίν,</em></strong></span> <span class='ocrx_word' id='word_1_35' title='bbox 482 752 525 830; x_wconf 74' lang='grc' dir='ltr'><strong><em>ὥς</em></strong></span> <span class='ocrx_word' id='word_1_36' title='bbox 544 754 579 819; x_wconf 86' lang='grc' dir='ltr'>τὸ</span> <span class='ocrx_word' id='word_1_37' title='bbox 604 753 688 838; x_wconf 77' lang='grc' dir='ltr'><strong><em>ἔθος,</em></strong></span> <span class='ocrx_word' id='word_1_38' title='bbox 713 759 758 831; x_wconf 81' lang='grc' dir='ltr'><strong><em>εἰς</em></strong></span> <span class='ocrx_word' id='word_1_39' title='bbox 773 751 935 839; x_wconf 76' lang='grc' dir='ltr'><strong><em>προσοχὴν</em></strong></span> <span class='ocrx_word' id='word_1_40' title='bbox 954 757 1009 838; x_wconf 76' lang='grc' dir='ltr'>τῆς</span> <span class='ocrx_word' id='word_1_41' title='bbox 1029 756 1178 836; x_wconf 88' lang='grc' dir='ltr'><strong><em>παστίος,</em></strong></span> 
     </span>
     <span class='ocr_line' id='line_1_6' title="bbox 73 849 1180 939; baseline -0.002 -21"><span class='ocrx_word' id='word_1_42' title='bbox 73 849 128 918; x_wconf 82' lang='grc' dir='ltr'>5τὸ</span> <span class='ocrx_word' id='word_1_43' title='bbox 152 855 185 917; x_wconf 80' lang='grc' dir='ltr'>δὲ</span> <span class='ocrx_word' id='word_1_44' title='bbox 212 855 265 918; x_wconf 80' lang='grc' dir='ltr'>ἴνα</span> <span class='ocrx_word' id='word_1_45' title='bbox 291 853 517 939; x_wconf 71' lang='grc' dir='ltr'><strong><em>φυλάσσονται</em></strong></span> <span class='ocrx_word' id='word_1_46' title='bbox 548 858 587 918; x_wconf 79' lang='grc' dir='ltr'>δι’</span> <span class='ocrx_word' id='word_1_47' title='bbox 611 857 746 939; x_wconf 83' lang='grc' dir='ltr'><strong><em>ε’κείνης,</em></strong></span> <span class='ocrx_word' id='word_1_48' title='bbox 778 852 807 918; x_wconf 77' lang='grc' dir='ltr'><strong><em>οἱ</em></strong></span> <span class='ocrx_word' id='word_1_49' title='bbox 828 855 863 920; x_wconf 79' lang='grc' dir='ltr'>δὲ</span> <span class='ocrx_word' id='word_1_50' title='bbox 882 856 934 917; x_wconf 74' lang='grc' dir='ltr'>ἵνα</span> <span class='ocrx_word' id='word_1_51' title='bbox 955 852 1180 934; x_wconf 79' lang='grc' dir='ltr'><strong><em>μα’χοννταιέξ</em></strong></span> 
     </span>
     <span class='ocr_line' id='line_1_7' title="bbox 97 944 1212 1036; baseline -0.001 -20"><span class='ocrx_word' id='word_1_52' title='bbox 97 952 209 1036; x_wconf 81' lang='grc' dir='ltr'><strong><em>ίκείνης</em></strong></span> <span class='ocrx_word' id='word_1_53' title='bbox 230 944 361 1018; x_wconf 78' lang='grc' dir='ltr'><strong><em>ὄπισθεν</em></strong></span> <span class='ocrx_word' id='word_1_54' title='bbox 381 951 460 1035; x_wconf 74' lang='grc' dir='ltr'><strong><em>μετα</em></strong></span> <span class='ocrx_word' id='word_1_55' title='bbox 481 955 625 1036; x_wconf 80' lang='grc' dir='ltr'><strong><em>τζαγρῶν</em></strong></span> <span class='ocrx_word' id='word_1_56' title='bbox 646 977 680 1018; x_wconf 85' lang='grc' dir='ltr'>τε</span> <span class='ocrx_word' id='word_1_57' title='bbox 712 953 766 1018; x_wconf 84' lang='grc' dir='ltr'>καί</span> <span class='ocrx_word' id='word_1_58' title='bbox 786 950 881 1031; x_wconf 81' lang='grc' dir='ltr'><strong><em>τόξων</em></strong></span> <span class='ocrx_word' id='word_1_59' title='bbox 900 955 956 1017; x_wconf 85' lang='grc' dir='ltr'>καί</span> <span class='ocrx_word' id='word_1_60' title='bbox 975 953 1038 1016; x_wconf 76' lang='grc' dir='ltr'>τῶν</span> <span class='ocrx_word' id='word_1_61' title='bbox 1059 953 1212 1016; x_wconf 76' lang='grc' dir='ltr'><strong><em>σκευῶνΙ)</em></strong></span> 
     </span>
     <span class='ocr_line' id='line_1_8' title="bbox 97 1041 1177 1136; baseline 0 -22"><span class='ocrx_word' id='word_1_62' title='bbox 97 1055 155 1114; x_wconf 74' lang='grc' dir='ltr'>τῶν</span> <span class='ocrx_word' id='word_1_63' title='bbox 173 1047 315 1132; x_wconf 76' lang='grc' dir='ltr'><strong><em>μεγάλων</em></strong></span> <span class='ocrx_word' id='word_1_64' title='bbox 343 1056 398 1118; x_wconf 86' lang='grc' dir='ltr'>καί</span> <span class='ocrx_word' id='word_1_65' title='bbox 422 1057 485 1118; x_wconf 73' lang='grc' dir='ltr'><strong><em>τοῖν</em></strong></span> <span class='ocrx_word' id='word_1_66' title='bbox 519 1055 640 1134; x_wconf 77' lang='grc' dir='ltr'><strong><em>μικροῖν</em></strong></span> <span class='ocrx_word' id='word_1_67' title='bbox 668 1053 731 1116; x_wconf 72' lang='grc' dir='ltr'><strong><em>τοῖν</em></strong></span> <span class='ocrx_word' id='word_1_68' title='bbox 753 1055 892 1136; x_wconf 86' lang='grc' dir='ltr'><strong><em>α’τιείραιν</em></strong></span> <span class='ocrx_word' id='word_1_69' title='bbox 918 1041 963 1116; x_wconf 70' lang='grc' dir='ltr'>οἷν</span> <span class='ocrx_word' id='word_1_70' title='bbox 985 1047 1101 1134; x_wconf 78' lang='grc' dir='ltr'><strong><em>ἔφερον</em></strong></span> <span class='ocrx_word' id='word_1_71' title='bbox 1124 1046 1177 1114; x_wconf 70' lang='grc' dir='ltr'>διὰ</span> 
     </span>
     <span class='ocr_line' id='line_1_9' title="bbox 96 1141 1180 1234; baseline -0.001 -20"><span class='ocrx_word' id='word_1_72' title='bbox 96 1147 209 1214; x_wconf 75' lang='grc' dir='ltr'><strong><em>τούτου.</em></strong></span> <span class='ocrx_word' id='word_1_73' title='bbox 251 1149 310 1226; x_wconf 74' lang='grc' dir='ltr'>τὰς</span> <span class='ocrx_word' id='word_1_74' title='bbox 337 1154 372 1216; x_wconf 78' lang='grc' dir='ltr'>δὲ</span> <span class='ocrx_word' id='word_1_75' title='bbox 393 1150 510 1227; x_wconf 81' lang='grc' dir='ltr'><strong><em>σκευὰς</em></strong></span> <span class='ocrx_word' id='word_1_76' title='bbox 535 1149 593 1227; x_wconf 79' lang='grc' dir='ltr'>τὰς</span> <span class='ocrx_word' id='word_1_77' title='bbox 613 1157 777 1234; x_wconf 76' lang='grc' dir='ltr'><strong><em>μεγίστους</em></strong></span> <span class='ocrx_word' id='word_1_78' title='bbox 809 1151 939 1230; x_wconf 76' lang='grc' dir='ltr'><strong><em>ἐκείνας,</em></strong></span> <span class='ocrx_word' id='word_1_79' title='bbox 961 1145 1072 1222; x_wconf 79' lang='grc' dir='ltr'><strong><em>ὁποίας</em></strong></span> <span class='ocrx_word' id='word_1_80' title='bbox 1094 1141 1180 1230; x_wconf 79' lang='grc' dir='ltr'><strong><em>εἶχον</em></strong></span> 
     </span>
     <span class='ocr_line' id='line_1_10' title="bbox 96 1245 1181 1334; baseline -0.003 -22"><span class='ocrx_word' id='word_1_81' title='bbox 96 1247 148 1323; x_wconf 78' lang='grc' dir='ltr'><strong><em>τοὶς</em></strong></span> <span class='ocrx_word' id='word_1_82' title='bbox 167 1249 297 1326; x_wconf 78' lang='grc' dir='ltr'><strong><em>ἐλπίδας</em></strong></span> <span class='ocrx_word' id='word_1_83' title='bbox 317 1245 367 1314; x_wconf 74' lang='grc' dir='ltr'>ὅτι</span> <span class='ocrx_word' id='word_1_84' title='bbox 389 1253 432 1314; x_wconf 83' lang='grc' dir='ltr'>δι’</span> <span class='ocrx_word' id='word_1_85' title='bbox 452 1252 573 1325; x_wconf 82' lang='grc' dir='ltr'><strong><em>ἐκείνας</em></strong></span> <span class='ocrx_word' id='word_1_86' title='bbox 588 1248 629 1314; x_wconf 84' lang='lat' dir='ltr'>rui</span> <span class='ocrx_word' id='word_1_87' title='bbox 653 1254 743 1334; x_wconf 80' lang='grc' dir='ltr'><strong><em>τείχη</em></strong></span> <span class='ocrx_word' id='word_1_88' title='bbox 763 1252 820 1333; x_wconf 84' lang='grc' dir='ltr'>τῆς</span> <span class='ocrx_word' id='word_1_89' title='bbox 842 1249 963 1324; x_wconf 84' lang='grc' dir='ltr'><strong><em>πόλεως</em></strong></span> <span class='ocrx_word' id='word_1_90' title='bbox 983 1250 1098 1312; x_wconf 75' lang='grc' dir='ltr'><strong><em>θέλουν</em></strong></span> <span class='ocrx_word' id='word_1_91' title='bbox 1118 1271 1181 1328; x_wconf 89' lang='grc' dir='ltr'>χα-</span> 
     </span>
     <span class='ocr_line' id='line_1_11' title="bbox 56 1343 1180 1434; baseline -0.003 -22"><span class='ocrx_word' id='word_1_92' title='bbox 56 1345 197 1414; x_wconf 66' lang='lat' dir='ltr'>collario</span> <span class='ocrx_word' id='word_1_93' title='bbox 220 1348 274 1411; x_wconf 79' lang='grc' dir='ltr'>καὶ</span> <span class='ocrx_word' id='word_1_94' title='bbox 296 1346 675 1434; x_wconf 61' lang='lat' dir='ltr'>introductionum</span> <span class='ocrx_word' id='word_1_95' title='bbox 697 1350 945 1432; x_wconf 83' lang='grc' dir='ltr'><strong><em>αἰχμαλωτίσαι,</em></strong></span> <span class='ocrx_word' id='word_1_96' title='bbox 969 1343 1105 1429; x_wconf 78' lang='grc' dir='ltr'><strong><em>ἔστησαν</em></strong></span> <span class='ocrx_word' id='word_1_97' title='bbox 1124 1368 1180 1410; x_wconf 84' lang='grc' dir='ltr'>πε-</span> 
     </span>
     <span class='ocr_line' id='line_1_12' title="bbox 95 1438 1181 1535; baseline 0.003 -26"><span class='ocrx_word' id='word_1_98' title='bbox 95 1450 224 1528; x_wconf 72' lang='grc' dir='ltr'><strong><em>ριέργοις</em></strong></span> <span class='ocrx_word' id='word_1_99' title='bbox 245 1448 291 1522; x_wconf 87' lang='grc' dir='ltr'>είς</span> <span class='ocrx_word' id='word_1_100' title='bbox 311 1446 406 1514; x_wconf 87' lang='grc' dir='ltr'><strong><em>τόπον</em></strong></span> <span class='ocrx_word' id='word_1_101' title='bbox 423 1450 458 1514; x_wconf 80' lang='grc' dir='ltr'><strong><em>ἐν</em></strong></span> <span class='ocrx_word' id='word_1_102' title='bbox 477 1438 501 1535; x_wconf 75' lang='grc' dir='ltr'><em>ᾧ</em></span> <span class='ocrx_word' id='word_1_103' title='bbox 521 1451 641 1514; x_wconf 73' lang='lat' dir='ltr'>occidue</span> <span class='ocrx_word' id='word_1_104' title='bbox 657 1449 713 1512; x_wconf 87' lang='grc' dir='ltr'><strong><em>συ’κ</em></strong></span> <span class='ocrx_word' id='word_1_105' title='bbox 733 1443 817 1530; x_wconf 78' lang='grc' dir='ltr'><strong><em>εἶχεν</em></strong></span> <span class='ocrx_word' id='word_1_106' title='bbox 837 1445 951 1528; x_wconf 81' lang='grc' dir='ltr'><strong><em>ὁμοίαν</em></strong></span> <span class='ocrx_word' id='word_1_107' title='bbox 969 1447 1094 1512; x_wconf 75' lang='lat' dir='ltr'>condeio</span> <span class='ocrx_word' id='word_1_108' title='bbox 1117 1447 1181 1512; x_wconf 77' lang='lat' dir='ltr'>cciv</span> 
     </span>
     <span class='ocr_line' id='line_1_13' title="bbox 93 1539 1182 1632; baseline -0.001 -23"><span class='ocrx_word' id='word_1_109' title='bbox 93 1539 224 1627; x_wconf 75' lang='grc' dir='ltr'><strong><em>ἓτίροον,</em></strong></span> <span class='ocrx_word' id='word_1_110' title='bbox 258 1544 336 1612; x_wconf 71' lang='lat' dir='ltr'>ulli</span> <span class='ocrx_word' id='word_1_111' title='bbox 371 1551 590 1631; x_wconf 81' lang='grc' dir='ltr'><strong><em>κεχαλασμὲνη</em></strong></span> <span class='ocrx_word' id='word_1_112' title='bbox 617 1543 768 1632; x_wconf 71' lang='grc' dir='ltr'><strong><em>ὑπῆρχεν,</em></strong></span> <span class='ocrx_word' id='word_1_113' title='bbox 791 1549 846 1611; x_wconf 85' lang='grc' dir='ltr'>καί</span> <span class='ocrx_word' id='word_1_114' title='bbox 868 1543 1002 1610; x_wconf 79' lang='grc' dir='ltr'><strong><em>ἔκπαλαι</em></strong></span> <span class='ocrx_word' id='word_1_115' title='bbox 1023 1549 1182 1632; x_wconf 80' lang='grc' dir='ltr'><strong><em>γέμουσαν</em></strong></span> 
     </span>
     <span class='ocr_line' id='line_1_14' title="bbox 92 1640 1183 1730; baseline 0 -24"><span class='ocrx_word' id='word_1_116' title='bbox 92 1644 210 1726; x_wconf 75' lang='grc' dir='ltr'><strong><em>χῶμαν,</em></strong></span> <span class='ocrx_word' id='word_1_117' title='bbox 234 1647 290 1710; x_wconf 80' lang='grc' dir='ltr'>καί</span> <span class='ocrx_word' id='word_1_118' title='bbox 310 1640 457 1730; x_wconf 81' lang='grc' dir='ltr'><strong><em>ἄντικρυς</em></strong></span> <span class='ocrx_word' id='word_1_119' title='bbox 475 1647 590 1730; x_wconf 73' lang='grc' dir='ltr'><strong><em>ταύτης</em></strong></span> <span class='ocrx_word' id='word_1_120' title='bbox 603 1645 720 1730; x_wconf 82' lang='grc' dir='ltr'><strong><em>ου’ργος</em></strong></span> <span class='ocrx_word' id='word_1_121' title='bbox 740 1645 878 1729; x_wconf 76' lang='grc' dir='ltr'><strong><em>εὖρέθην</em></strong></span> <span class='ocrx_word' id='word_1_122' title='bbox 896 1649 931 1712; x_wconf 79' lang='grc' dir='ltr'><strong><em>ἐκ</em></strong></span> <span class='ocrx_word' id='word_1_123' title='bbox 954 1641 1183 1727; x_wconf 75' lang='grc' dir='ltr'><strong><em>συμβᾶσματος</em></strong></span> 
     </span>
     <span class='ocr_line' id='line_1_15' title="bbox 93 1739 1182 1828; baseline 0.002 -24"><span class='ocrx_word' id='word_1_124' title='bbox 93 1745 161 1806; x_wconf 87' lang='grc' dir='ltr'><strong><em>λίαν</em></strong></span> <span class='ocrx_word' id='word_1_125' title='bbox 189 1747 436 1828; x_wconf 75' lang='grc' dir='ltr'><strong><em>σεσαθροιμὲνος</em></strong></span> <span class='ocrx_word' id='word_1_126' title='bbox 465 1749 520 1809; x_wconf 86' lang='grc' dir='ltr'>καί</span> <span class='ocrx_word' id='word_1_127' title='bbox 548 1748 734 1828; x_wconf 81' lang='grc' dir='ltr'><strong><em>ὲσχισμίνος</em></strong></span> <span class='ocrx_word' id='word_1_128' title='bbox 759 1741 822 1808; x_wconf 82' lang='lat' dir='ltr'>circi</span> <span class='ocrx_word' id='word_1_129' title='bbox 856 1739 979 1810; x_wconf 75' lang='grc' dir='ltr'><strong><em>ἄνωθεν</em></strong></span> <span class='ocrx_word' id='word_1_130' title='bbox 1008 1741 1068 1818; x_wconf 76' lang='grc' dir='ltr'><strong><em>ἕως</em></strong></span> <span class='ocrx_word' id='word_1_131' title='bbox 1088 1739 1182 1808; x_wconf 74' lang='lat' dir='ltr'>etism.</span> 
     </span>
     <span class='ocr_line' id='line_1_16' title="bbox 54 1837 1183 1926; baseline -0.001 -18"><span class='ocrx_word' id='word_1_132' title='bbox 54 1843 143 1911; x_wconf 85' lang='grc' dir='ltr'><strong><em>ι5καί</em></strong></span> <span class='ocrx_word' id='word_1_133' title='bbox 162 1845 398 1924; x_wconf 76' lang='grc' dir='ltr'><strong><em>προσδοκῶντες</em></strong></span> <span class='ocrx_word' id='word_1_134' title='bbox 426 1843 456 1907; x_wconf 83' lang='grc' dir='ltr'><strong><em>οἱ</em></strong></span> <span class='ocrx_word' id='word_1_135' title='bbox 481 1847 614 1926; x_wconf 80' lang='grc' dir='ltr'><strong><em>Τοῠρκσι</em></strong></span> <span class='ocrx_word' id='word_1_136' title='bbox 643 1839 695 1908; x_wconf 77' lang='grc' dir='ltr'>ὅτι</span> <span class='ocrx_word' id='word_1_137' title='bbox 717 1847 948 1925; x_wconf 72' lang='grc' dir='ltr'><strong><em>τοῖνμεγιστιον</em></strong></span> <span class='ocrx_word' id='word_1_138' title='bbox 966 1837 1183 1924; x_wconf 73' lang='grc' dir='ltr'><strong><em>βουμιταρδιαν</em></strong></span> 
     </span>
     <span class='ocr_line' id='line_1_17' title="bbox 91 1937 1279 2026; baseline 0 -22"><span class='ocrx_word' id='word_1_139' title='bbox 91 1938 122 2004; x_wconf 84' lang='grc' dir='ltr'>αἱ</span> <span class='ocrx_word' id='word_1_140' title='bbox 143 1945 261 2024; x_wconf 78' lang='grc' dir='ltr'><strong><em>πέτραι</em></strong></span> <span class='ocrx_word' id='word_1_141' title='bbox 283 1939 337 2006; x_wconf 89' lang='grc' dir='ltr'><strong><em>τὸν</em></strong></span> <span class='ocrx_word' id='word_1_142' title='bbox 352 1947 594 2025; x_wconf 72' lang='grc' dir='ltr'><strong><em>σεσαθρωμένον</em></strong></span> <span class='ocrx_word' id='word_1_143' title='bbox 612 1942 731 2026; x_wconf 77' lang='grc' dir='ltr'><strong><em>πύργον</em></strong></span> <span class='ocrx_word' id='word_1_144' title='bbox 745 1943 862 2008; x_wconf 80' lang='grc' dir='ltr'><strong><em>ἐκεῖνον</em></strong></span> <span class='ocrx_word' id='word_1_145' title='bbox 882 1944 998 2006; x_wconf 78' lang='grc' dir='ltr'><strong><em>θὲλσυν</em></strong></span> <span class='ocrx_word' id='word_1_146' title='bbox 1015 1937 1216 2024; x_wconf 62' lang='lat' dir='ltr'>guiduam,</span> <span class='ocrx_word' id='word_1_147' title='bbox 1230 1973 1279 2024; x_wconf 84' lang='lat'>¹9⁰</span> 
     </span>
     <span class='ocr_line' id='line_1_18' title="bbox 90 2037 1180 2124; baseline 0.005 -24"><span class='ocrx_word' id='word_1_148' title='bbox 90 2041 142 2104; x_wconf 84' lang='grc' dir='ltr'>καί</span> <span class='ocrx_word' id='word_1_149' title='bbox 161 2039 274 2106; x_wconf 84' lang='grc' dir='ltr'><strong><em>ε’πείὸ</em></strong></span> <span class='ocrx_word' id='word_1_150' title='bbox 302 2037 397 2116; x_wconf 87' lang='grc' dir='ltr'><strong><em>τόπος</em></strong></span> <span class='ocrx_word' id='word_1_151' title='bbox 428 2045 548 2106; x_wconf 73' lang='lat' dir='ltr'>cuddae</span> <span class='ocrx_word' id='word_1_152' title='bbox 575 2043 633 2106; x_wconf 79' lang='grc' dir='ltr'>οίκ</span> <span class='ocrx_word' id='word_1_153' title='bbox 659 2039 727 2124; x_wconf 81' lang='grc' dir='ltr'><strong><em>ἔχει</em></strong></span> <span class='ocrx_word' id='word_1_154' title='bbox 746 2038 820 2117; x_wconf 80' lang='grc' dir='ltr'><strong><em>τούς</em></strong></span> <span class='ocrx_word' id='word_1_155' title='bbox 845 2041 1002 2123; x_wconf 79' lang='grc' dir='ltr'><strong><em>Τοίρκους</em></strong></span> <span class='ocrx_word' id='word_1_156' title='bbox 1020 2037 1060 2104; x_wconf 77' lang='grc' dir='ltr'>να</span> <span class='ocrx_word' id='word_1_157' title='bbox 1081 2041 1180 2120; x_wconf 76' lang='grc' dir='ltr'><strong><em>ἐμπο-</em></strong></span> 
     </span>
     <span class='ocr_line' id='line_1_19' title="bbox 90 2135 1181 2226; baseline 0.002 -24"><span class='ocrx_word' id='word_1_158' title='bbox 90 2141 172 2226; x_wconf 79' lang='grc' dir='ltr'><strong><em>δίση,</em></strong></span> <span class='ocrx_word' id='word_1_159' title='bbox 195 2135 367 2215; x_wconf 75' lang='grc' dir='ltr'><strong><em>ιῖκωλίτισς</em></strong></span> <span class='ocrx_word' id='word_1_160' title='bbox 383 2143 426 2216; x_wconf 81' lang='grc' dir='ltr'><strong><em>εἰς</em></strong></span> <span class='ocrx_word' id='word_1_161' title='bbox 447 2139 482 2206; x_wconf 77' lang='lat' dir='ltr'>ri</span> <span class='ocrx_word' id='word_1_162' title='bbox 506 2139 567 2220; x_wconf 79' lang='grc' dir='ltr'>ἔξω</span> <span class='ocrx_word' id='word_1_163' title='bbox 590 2139 723 2222; x_wconf 78' lang='grc' dir='ltr'><strong><em>κάπρον</em></strong></span> <span class='ocrx_word' id='word_1_164' title='bbox 747 2143 878 2204; x_wconf 78' lang='grc' dir='ltr'><strong><em>θέλουσι</em></strong></span> <span class='ocrx_word' id='word_1_165' title='bbox 899 2138 1048 2224; x_wconf 71' lang='grc' dir='ltr'><strong><em>φθάσαν,</em></strong></span> <span class='ocrx_word' id='word_1_166' title='bbox 1068 2137 1125 2203; x_wconf 82' lang='grc' dir='ltr'>καί</span> <span class='ocrx_word' id='word_1_167' title='bbox 1146 2143 1181 2204; x_wconf 70' lang='grc' dir='ltr'><strong><em>ἐκ</em></strong></span> 
     </span>
     <span class='ocr_line' id='line_1_20' title="bbox 90 2234 1180 2322; baseline -0.003 -20"><span class='ocrx_word' id='word_1_168' title='bbox 90 2244 144 2302; x_wconf 80' lang='grc' dir='ltr'>τοῦ</span> <span class='ocrx_word' id='word_1_169' title='bbox 163 2239 372 2322; x_wconf 77' lang='grc' dir='ltr'><strong><em>χαλάσματος</em></strong></span> <span class='ocrx_word' id='word_1_170' title='bbox 386 2237 460 2314; x_wconf 74' lang='grc' dir='ltr'><strong><em>τοὺς</em></strong></span> <span class='ocrx_word' id='word_1_171' title='bbox 477 2239 657 2322; x_wconf 83' lang='grc' dir='ltr'><strong><em>Ῥαμαίους</em></strong></span> <span class='ocrx_word' id='word_1_172' title='bbox 680 2241 797 2302; x_wconf 80' lang='grc' dir='ltr'><strong><em>θέλουν</em></strong></span> <span class='ocrx_word' id='word_1_173' title='bbox 814 2234 946 2318; x_wconf 74' lang='grc' dir='ltr'><strong><em>διώξειν,</em></strong></span> <span class='ocrx_word' id='word_1_174' title='bbox 968 2235 1098 2322; x_wconf 73' lang='grc' dir='ltr'><strong><em>κοίτην</em></strong></span> <span class='ocrx_word' id='word_1_175' title='bbox 1121 2238 1180 2302; x_wconf 87' lang='grc' dir='ltr'>πό.</span> 
     </span>
     <span class='ocr_line' id='line_1_21' title="bbox 53 2335 1178 2422; baseline -0.002 -20"><span class='ocrx_word' id='word_1_176' title='bbox 53 2341 139 2402; x_wconf 75' lang='lat' dir='ltr'>eolre</span> <span class='ocrx_word' id='word_1_177' title='bbox 175 2343 293 2404; x_wconf 77' lang='grc' dir='ltr'><strong><em>θὲλουν</em></strong></span> <span class='ocrx_word' id='word_1_178' title='bbox 321 2337 502 2402; x_wconf 71' lang='lat' dir='ltr'>luciduco.</span> <span class='ocrx_word' id='word_1_179' title='bbox 554 2336 634 2420; x_wconf 74' lang='grc' dir='ltr'><strong><em>πλὴν</em></strong></span> <span class='ocrx_word' id='word_1_180' title='bbox 663 2340 709 2412; x_wconf 82' lang='grc' dir='ltr'>είς</span> <span class='ocrx_word' id='word_1_181' title='bbox 728 2335 815 2400; x_wconf 82' lang='grc' dir='ltr'><strong><em>κενὸν</em></strong></span> <span class='ocrx_word' id='word_1_182' title='bbox 847 2335 1033 2422; x_wconf 78' lang='grc' dir='ltr'><strong><em>ἐκατήντησε</em></strong></span> <span class='ocrx_word' id='word_1_183' title='bbox 1051 2337 1178 2422; x_wconf 71' lang='grc' dir='ltr'><strong><em>τέλοςῆ</em></strong></span> 
     </span>
     <span class='ocr_line' id='line_1_22' title="bbox 91 2431 1181 2520; baseline 0.004 -22"><span class='ocrx_word' id='word_1_184' title='bbox 91 2439 151 2499; x_wconf 80' lang='grc' dir='ltr'>τῶν</span> <span class='ocrx_word' id='word_1_185' title='bbox 175 2439 302 2520; x_wconf 68' lang='lat' dir='ltr'>sicelides</span> <span class='ocrx_word' id='word_1_186' title='bbox 331 2440 519 2520; x_wconf 72' lang='grc' dir='ltr'><strong><em>προσδοκία,</em></strong></span> <span class='ocrx_word' id='word_1_187' title='bbox 550 2439 621 2502; x_wconf 81' lang='grc' dir='ltr'>ε’πεί</span> <span class='ocrx_word' id='word_1_188' title='bbox 647 2431 856 2520; x_wconf 70' lang='grc' dir='ltr'><strong><em>ἑβδομήκοντα</em></strong></span> <span class='ocrx_word' id='word_1_189' title='bbox 883 2434 976 2517; x_wconf 83' lang='grc' dir='ltr'><strong><em>βοκία</em></strong></span> <span class='ocrx_word' id='word_1_190' title='bbox 1003 2438 1057 2519; x_wconf 80' lang='grc' dir='ltr'>τῆς</span> <span class='ocrx_word' id='word_1_191' title='bbox 1084 2439 1181 2519; x_wconf 76' lang='grc' dir='ltr'><strong><em>βολῆς</em></strong></span> 
     </span>
     <span class='ocr_line' id='line_1_23' title="bbox 91 2530 1181 2621; baseline 0.002 -23"><span class='ocrx_word' id='word_1_192' title='bbox 91 2535 144 2618; x_wconf 74' lang='grc' dir='ltr'>τῆς</span> <span class='ocrx_word' id='word_1_193' title='bbox 165 2540 316 2620; x_wconf 80' lang='grc' dir='ltr'><strong><em>μεγίστης</em></strong></span> <span class='ocrx_word' id='word_1_194' title='bbox 338 2536 456 2621; x_wconf 81' lang='grc' dir='ltr'><strong><em>ἐκείνης</em></strong></span> <span class='ocrx_word' id='word_1_195' title='bbox 477 2533 789 2621; x_wconf 78' lang='grc' dir='ltr'><strong><em>τόνσεσαθριομὲνον</em></strong></span> <span class='ocrx_word' id='word_1_196' title='bbox 808 2537 927 2600; x_wconf 73' lang='grc' dir='ltr'><strong><em>ἐκεῖνον</em></strong></span> <span class='ocrx_word' id='word_1_197' title='bbox 948 2531 1078 2620; x_wconf 77' lang='grc' dir='ltr'><strong><em>ἔκρουσε</em></strong></span> <span class='ocrx_word' id='word_1_198' title='bbox 1099 2530 1181 2620; x_wconf 76' lang='grc' dir='ltr'><strong><em>πύρ-</em></strong></span> 
     </span>
    </p>
   </div>
   <div class='ocr_carea' id='block_1_3' title="bbox 164 2725 372 2798">
    <p class='ocr_par' dir='ltr' id='par_1_3' title="bbox 164 2725 372 2798">
     <span class='ocr_line' id='line_1_24' title="bbox 164 2725 372 2798; baseline -0.01 -20"><span class='ocrx_word' id='word_1_199' title='bbox 164 2743 203 2778; x_wconf 81' lang='lat' dir='ltr'>sn.</span> <span class='ocrx_word' id='word_1_200' title='bbox 225 2725 372 2798; x_wconf 67' lang='lat' dir='ltr'>yfuouou?</span> 
     </span>
    </p>
   </div>
   <div class='ocr_carea' id='block_1_4' title="bbox 50 2902 1195 4244">
    <p class='ocr_par' dir='ltr' id='par_1_4' title="bbox 50 2902 1195 4244">
     <span class='ocr_line' id='line_1_25' title="bbox 91 2902 1183 2974; baseline -0.001 -19"><span class='ocrx_word' id='word_1_201' title='bbox 91 2904 197 2974; x_wconf 87' lang='lat' dir='ltr'>plicatis</span> <span class='ocrx_word' id='word_1_202' title='bbox 218 2903 300 2971; x_wconf 81' lang='lat' dir='ltr'>virgis</span> <span class='ocrx_word' id='word_1_203' title='bbox 318 2919 349 2953; x_wconf 84' lang='lat' dir='ltr'>ac</span> <span class='ocrx_word' id='word_1_204' title='bbox 366 2902 512 2954; x_wconf 77' lang='lat' dir='ltr'>viminibus</span> <span class='ocrx_word' id='word_1_205' title='bbox 533 2903 669 2956; x_wconf 89' lang='lat' dir='ltr'>anteriore</span> <span class='ocrx_word' id='word_1_206' title='bbox 687 2903 728 2954; x_wconf 87' lang='lat' dir='ltr'>eui</span> <span class='ocrx_word' id='word_1_207' title='bbox 747 2909 824 2972; x_wconf 88' lang='lat' dir='ltr'>parte</span> <span class='ocrx_word' id='word_1_208' title='bbox 840 2903 1030 2964; x_wconf 86' lang='lat' dir='ltr'>communitus,</span> <span class='ocrx_word' id='word_1_209' title='bbox 1049 2910 1081 2954; x_wconf 90' lang='lat' dir='ltr'>ut</span> <span class='ocrx_word' id='word_1_210' title='bbox 1100 2902 1183 2970; x_wconf 83' lang='lat' dir='ltr'>sagit·</span> 
     </span>
     <span class='ocr_line' id='line_1_26' title="bbox 90 2971 1181 3042; baseline -0.001 -16"><span class='ocrx_word' id='word_1_211' title='bbox 90 2983 134 3026; x_wconf 82' lang='lat' dir='ltr'>tae</span> <span class='ocrx_word' id='word_1_212' title='bbox 154 2991 267 3027; x_wconf 85' lang='lat' dir='ltr'>arcuum</span> <span class='ocrx_word' id='word_1_213' title='bbox 284 2983 487 3042; x_wconf 88' lang='lat' dir='ltr'>tzagrorumqne</span> <span class='ocrx_word' id='word_1_214' title='bbox 517 2974 676 3024; x_wconf 80' lang='lat' dir='ltr'>allomanis</span> <span class='ocrx_word' id='word_1_215' title='bbox 704 2975 815 3024; x_wconf 80' lang='lat' dir='ltr'>emissae</span> <span class='ocrx_word' id='word_1_216' title='bbox 835 2989 952 3042; x_wconf 79' lang='lat' dir='ltr'>sanaque</span> <span class='ocrx_word' id='word_1_217' title='bbox 973 2971 1181 3025; x_wconf 71' lang='lat' dir='ltr'>bombardorum</span> 
     </span>
     <span class='ocr_line' id='line_1_27' title="bbox 90 3041 1183 3164; baseline 0 -69"><span class='ocrx_word' id='word_1_218' title='bbox 90 3047 290 3116; x_wconf 76' lang='lat' dir='ltr'>exciperentur.</span> <span class='ocrx_word' id='word_1_219' title='bbox 328 3043 358 3095; x_wconf 90' lang='lat' dir='ltr'>in</span> <span class='ocrx_word' id='word_1_220' title='bbox 378 3044 480 3112; x_wconf 75' lang='lat' dir='ltr'>aggeris</span> <span class='ocrx_word' id='word_1_221' title='bbox 493 3045 644 3112; x_wconf 88' lang='lat' dir='ltr'>posteriore</span> <span class='ocrx_word' id='word_1_222' title='bbox 656 3052 747 3164; x_wconf 78' lang='lat' dir='ltr'>parte,</span> <span class='ocrx_word' id='word_1_223' title='bbox 764 3051 795 3095; x_wconf 90' lang='lat' dir='ltr'>ut</span> <span class='ocrx_word' id='word_1_224' title='bbox 812 3041 861 3094; x_wconf 91' lang='lat' dir='ltr'>ille</span> <span class='ocrx_word' id='word_1_225' title='bbox 878 3050 1062 3112; x_wconf 74' lang='lat' dir='ltr'>praeceperat,</span> <span class='ocrx_word' id='word_1_226' title='bbox 1081 3042 1183 3095; x_wconf 84' lang='lat' dir='ltr'>milites</span> 
     </span>
     <span class='ocr_line' id='line_1_28' title="bbox 50 3113 1183 3185; baseline 0 -19"><span class='ocrx_word' id='word_1_227' title='bbox 50 3169 53 3184; x_wconf 48' lang='grc' dir='ltr'>Ι</span> <span class='ocrx_word' id='word_1_228' title='bbox 91 3117 178 3168; x_wconf 82' lang='lat' dir='ltr'>omnir</span> <span class='ocrx_word' id='word_1_229' title='bbox 198 3116 306 3185; x_wconf 88' lang='lat' dir='ltr'>generis</span> <span class='ocrx_word' id='word_1_230' title='bbox 324 3129 357 3164; x_wconf 79' lang='lat' dir='ltr'>ex</span> <span class='ocrx_word' id='word_1_231' title='bbox 369 3115 489 3166; x_wconf 82' lang='lat' dir='ltr'>exercitu</span> <span class='ocrx_word' id='word_1_232' title='bbox 507 3114 601 3166; x_wconf 84' lang='lat' dir='ltr'>selecti</span> <span class='ocrx_word' id='word_1_233' title='bbox 620 3130 653 3164; x_wconf 82' lang='lat' dir='ltr'>au</span> <span class='ocrx_word' id='word_1_234' title='bbox 676 3130 736 3166; x_wconf 82' lang='lat' dir='ltr'>ecee</span> <span class='ocrx_word' id='word_1_235' title='bbox 748 3113 886 3182; x_wconf 87' lang='lat' dir='ltr'>fortesque</span> <span class='ocrx_word' id='word_1_236' title='bbox 899 3113 1103 3184; x_wconf 79' lang='lat' dir='ltr'>permanebant,</span> <span class='ocrx_word' id='word_1_237' title='bbox 1124 3121 1183 3166; x_wconf 87' lang='lat' dir='ltr'>turn</span> 
     </span>
     <span class='ocr_line' id='line_1_29' title="bbox 91 3183 1195 3257; baseline 0 -21"><span class='ocrx_word' id='word_1_238' title='bbox 91 3195 121 3238; x_wconf 87' lang='lat' dir='ltr'>ut</span> <span class='ocrx_word' id='word_1_239' title='bbox 138 3203 188 3257; x_wconf 86' lang='lat' dir='ltr'>pro</span> <span class='ocrx_word' id='word_1_240' title='bbox 206 3201 282 3238; x_wconf 86' lang='lat' dir='ltr'>more</span> <span class='ocrx_word' id='word_1_241' title='bbox 300 3201 422 3254; x_wconf 77' lang='lat' dir='ltr'>aggerem</span> <span class='ocrx_word' id='word_1_242' title='bbox 436 3183 622 3248; x_wconf 76' lang='lat' dir='ltr'>defenderent,</span> <span class='ocrx_word' id='word_1_243' title='bbox 640 3193 698 3236; x_wconf 84' lang='lat' dir='ltr'>tmu</span> <span class='ocrx_word' id='word_1_244' title='bbox 711 3193 742 3236; x_wconf 87' lang='lat' dir='ltr'>ut</span> <span class='ocrx_word' id='word_1_245' title='bbox 759 3184 841 3235; x_wconf 86' lang='lat' dir='ltr'>abeo</span> <span class='ocrx_word' id='word_1_246' title='bbox 863 3183 1083 3247; x_wconf 74' lang='lat' dir='ltr'>defenderentur,</span> <span class='ocrx_word' id='word_1_247' title='bbox 1103 3183 1195 3250; x_wconf 51' lang='lat' dir='ltr'>incle-¹</span> 
     </span>
     <span class='ocr_line' id='line_1_30' title="bbox 90 3253 1183 3328; baseline -0.002 -20"><span class='ocrx_word' id='word_1_248' title='bbox 90 3273 144 3327; x_wconf 88' lang='lat' dir='ltr'>que</span> <span class='ocrx_word' id='word_1_249' title='bbox 161 3272 283 3328; x_wconf 85' lang='lat' dir='ltr'>pugnam</span> <span class='ocrx_word' id='word_1_250' title='bbox 307 3265 378 3308; x_wconf 85' lang='lat' dir='ltr'>retro</span> <span class='ocrx_word' id='word_1_251' title='bbox 404 3263 505 3308; x_wconf 67' lang='lat' dir='ltr'>cuntes</span> <span class='ocrx_word' id='word_1_252' title='bbox 523 3271 583 3306; x_wconf 87' lang='lat' dir='ltr'>cum</span> <span class='ocrx_word' id='word_1_253' title='bbox 603 3256 700 3324; x_wconf 84' lang='lat' dir='ltr'>tzagrie</span> <span class='ocrx_word' id='word_1_254' title='bbox 727 3263 756 3306; x_wconf 87' lang='lat' dir='ltr'>et</span> <span class='ocrx_word' id='word_1_255' title='bbox 772 3253 885 3306; x_wconf 90' lang='lat' dir='ltr'>arcubus</span> <span class='ocrx_word' id='word_1_256' title='bbox 903 3255 1021 3324; x_wconf 82' lang='lat' dir='ltr'>aliisque</span> <span class='ocrx_word' id='word_1_257' title='bbox 1038 3254 1183 3320; x_wconf 85' lang='lat' dir='ltr'>machinis,</span> 
     </span>
     <span class='ocr_line' id='line_1_31' title="bbox 90 3324 1184 3398; baseline -0.003 -19"><span class='ocrx_word' id='word_1_258' title='bbox 90 3336 118 3380; x_wconf 87' lang='lat' dir='ltr'>et</span> <span class='ocrx_word' id='word_1_259' title='bbox 133 3329 225 3398; x_wconf 83' lang='lat' dir='ltr'>parvis</span> <span class='ocrx_word' id='word_1_260' title='bbox 251 3335 280 3377; x_wconf 87' lang='lat' dir='ltr'>et</span> <span class='ocrx_word' id='word_1_261' title='bbox 296 3326 471 3395; x_wconf 79' lang='lat' dir='ltr'>ingentibus,</span> <span class='ocrx_word' id='word_1_262' title='bbox 501 3342 587 3395; x_wconf 87' lang='lat' dir='ltr'>prope</span> <span class='ocrx_word' id='word_1_263' title='bbox 606 3325 764 3388; x_wconf 86' lang='lat' dir='ltr'>innumeris,</span> <span class='ocrx_word' id='word_1_264' title='bbox 783 3325 852 3376; x_wconf 83' lang='lat' dir='ltr'>banc</span> <span class='ocrx_word' id='word_1_265' title='bbox 872 3324 908 3376; x_wconf 93' lang='lat' dir='ltr'>ob</span> <span class='ocrx_word' id='word_1_266' title='bbox 929 3341 1034 3376; x_wconf 79' lang='lat' dir='ltr'>causum</span> <span class='ocrx_word' id='word_1_267' title='bbox 1052 3325 1184 3389; x_wconf 80' lang='lat' dir='ltr'>advectis,</span> 
     </span>
     <span class='ocr_line' id='line_1_32' title="bbox 89 3394 1183 3468; baseline -0.004 -17"><span class='ocrx_word' id='word_1_268' title='bbox 89 3405 275 3450; x_wconf 88' lang='lat' dir='ltr'>consererent.</span> <span class='ocrx_word' id='word_1_269' title='bbox 300 3405 445 3468; x_wconf 74' lang='lat' dir='ltr'>apparatus</span> <span class='ocrx_word' id='word_1_270' title='bbox 462 3412 526 3448; x_wconf 83' lang='lat' dir='ltr'>reru</span> <span class='ocrx_word' id='word_1_271' title='bbox 546 3394 674 3465; x_wconf 83' lang='lat' dir='ltr'>reliquos,</span> <span class='ocrx_word' id='word_1_272' title='bbox 692 3413 792 3466; x_wconf 89' lang='lat' dir='ltr'>eosque</span> <span class='ocrx_word' id='word_1_273' title='bbox 813 3399 945 3464; x_wconf 85' lang='lat' dir='ltr'>ingentes,</span> <span class='ocrx_word' id='word_1_274' title='bbox 964 3397 1062 3466; x_wconf 85' lang='lat' dir='ltr'>quibus</span> <span class='ocrx_word' id='word_1_275' title='bbox 1080 3411 1183 3464; x_wconf 86' lang='lat' dir='ltr'>sospe-</span> 
     </span>
     <span class='ocr_line' id='line_1_33' title="bbox 88 3465 1185 3537; baseline -0.003 -17"><span class='ocrx_word' id='word_1_276' title='bbox 88 3467 188 3522; x_wconf 88' lang='lat' dir='ltr'>rabant</span> <span class='ocrx_word' id='word_1_277' title='bbox 206 3467 315 3520; x_wconf 80' lang='lat' dir='ltr'>moenia</span> <span class='ocrx_word' id='word_1_278' title='bbox 338 3465 410 3518; x_wconf 90' lang='lat' dir='ltr'>urbis</span> <span class='ocrx_word' id='word_1_279' title='bbox 428 3483 507 3537; x_wconf 82' lang='lat' dir='ltr'>posse</span> <span class='ocrx_word' id='word_1_280' title='bbox 525 3465 650 3518; x_wconf 86' lang='lat' dir='ltr'>disiicere</span> <span class='ocrx_word' id='word_1_281' title='bbox 669 3465 789 3536; x_wconf 84' lang='lat' dir='ltr'>indeque</span> <span class='ocrx_word' id='word_1_282' title='bbox 802 3483 805 3502; x_wconf 86' lang='grc'><em>·</em></span> <span class='ocrx_word' id='word_1_283' title='bbox 817 3467 953 3519; x_wconf 79' lang='lat' dir='ltr'>ciuitatem</span> <span class='ocrx_word' id='word_1_284' title='bbox 973 3483 1086 3536; x_wconf 87' lang='lat' dir='ltr'>capere,</span> <span class='ocrx_word' id='word_1_285' title='bbox 1104 3483 1185 3518; x_wconf 87' lang='lat' dir='ltr'>aecu-</span> 
     </span>
     <span class='ocr_line' id='line_1_34' title="bbox 90 3537 1184 3608; baseline 0 -18"><span class='ocrx_word' id='word_1_286' title='bbox 90 3548 147 3592; x_wconf 87' lang='lat' dir='ltr'>rsts</span> <span class='ocrx_word' id='word_1_287' title='bbox 165 3555 199 3592; x_wconf 89' lang='lat' dir='ltr'>eo</span> <span class='ocrx_word' id='word_1_288' title='bbox 218 3539 248 3590; x_wconf 88' lang='lat' dir='ltr'>in</span> <span class='ocrx_word' id='word_1_289' title='bbox 266 3539 327 3590; x_wconf 87' lang='lat' dir='ltr'>loco</span> <span class='ocrx_word' id='word_1_290' title='bbox 358 3553 467 3590; x_wconf 82' lang='lat' dir='ltr'>erexere</span> <span class='ocrx_word' id='word_1_291' title='bbox 484 3538 513 3589; x_wconf 89' lang='lat' dir='ltr'>iu</span> <span class='ocrx_word' id='word_1_292' title='bbox 531 3553 586 3608; x_wconf 90' lang='lat' dir='ltr'>quo</span> <span class='ocrx_word' id='word_1_293' title='bbox 611 3537 687 3588; x_wconf 88' lang='lat' dir='ltr'>nulla</span> <span class='ocrx_word' id='word_1_294' title='bbox 705 3537 777 3589; x_wconf 80' lang='lat' dir='ltr'>fossa</span> <span class='ocrx_word' id='word_1_295' title='bbox 795 3537 855 3588; x_wconf 84' lang='lat' dir='ltr'>aliis</span> <span class='ocrx_word' id='word_1_296' title='bbox 875 3538 1023 3590; x_wconf 72' lang='lat' dir='ltr'>consimilia</span> <span class='ocrx_word' id='word_1_297' title='bbox 1040 3546 1105 3601; x_wconf 85' lang='lat' dir='ltr'>erat,</span> <span class='ocrx_word' id='word_1_298' title='bbox 1123 3553 1184 3590; x_wconf 87' lang='lat' dir='ltr'>cum</span> 
     </span>
     <span class='ocr_line' id='line_1_35' title="bbox 89 3607 1182 3679; baseline 0 -19"><span class='ocrx_word' id='word_1_299' title='bbox 89 3611 175 3662; x_wconf 86' lang='lat' dir='ltr'>ruinis</span> <span class='ocrx_word' id='word_1_300' title='bbox 202 3609 329 3661; x_wconf 85' lang='lat' dir='ltr'>conuulsa</span> <span class='ocrx_word' id='word_1_301' title='bbox 347 3607 381 3660; x_wconf 79' lang='lat' dir='ltr'>ab</span> <span class='ocrx_word' id='word_1_302' title='bbox 399 3609 512 3679; x_wconf 80' lang='lat' dir='ltr'>antiquo</span> <span class='ocrx_word' id='word_1_303' title='bbox 531 3617 653 3677; x_wconf 88' lang='lat' dir='ltr'>tempore</span> <span class='ocrx_word' id='word_1_304' title='bbox 674 3617 747 3660; x_wconf 81' lang='lat' dir='ltr'>terra</span> <span class='ocrx_word' id='word_1_305' title='bbox 765 3607 930 3678; x_wconf 80' lang='lat' dir='ltr'>oppleretur.</span> <span class='ocrx_word' id='word_1_306' title='bbox 967 3615 1095 3660; x_wconf 75' lang='lat' dir='ltr'>evenerat</span> <span class='ocrx_word' id='word_1_307' title='bbox 1112 3625 1182 3678; x_wconf 86' lang='lat' dir='ltr'>quo-</span> 
     </span>
     <span class='ocr_line' id='line_1_36' title="bbox 88 3677 1181 3750; baseline -0.003 -17"><span class='ocrx_word' id='word_1_308' title='bbox 88 3695 143 3750; x_wconf 85' lang='lat' dir='ltr'>que</span> <span class='ocrx_word' id='word_1_309' title='bbox 161 3689 195 3732; x_wconf 86' lang='lat' dir='ltr'>ut</span> <span class='ocrx_word' id='word_1_310' title='bbox 212 3679 294 3732; x_wconf 87' lang='lat' dir='ltr'>turris</span> <span class='ocrx_word' id='word_1_311' title='bbox 321 3680 363 3730; x_wconf 91' lang='lat' dir='ltr'>illi</span> <span class='ocrx_word' id='word_1_312' title='bbox 384 3677 495 3731; x_wconf 80' lang='lat' dir='ltr'>adversa</span> <span class='ocrx_word' id='word_1_313' title='bbox 514 3679 628 3730; x_wconf 72' lang='lat' dir='ltr'>maxime</span> <span class='ocrx_word' id='word_1_314' title='bbox 655 3680 741 3747; x_wconf 87' lang='lat' dir='ltr'>putris</span> <span class='ocrx_word' id='word_1_315' title='bbox 762 3687 790 3730; x_wconf 89' lang='lat' dir='ltr'>et</span> <span class='ocrx_word' id='word_1_316' title='bbox 806 3680 916 3730; x_wconf 81' lang='lat' dir='ltr'>ruinosa</span> <span class='ocrx_word' id='word_1_317' title='bbox 935 3677 970 3729; x_wconf 85' lang='lat' dir='ltr'>ab</span> <span class='ocrx_word' id='word_1_318' title='bbox 990 3679 1043 3730; x_wconf 87' lang='lat' dir='ltr'>ima</span> <span class='ocrx_word' id='word_1_319' title='bbox 1064 3677 1128 3730; x_wconf 87' lang='lat' dir='ltr'>sede</span> <span class='ocrx_word' id='word_1_320' title='bbox 1145 3679 1181 3731; x_wconf 87' lang='lat' dir='ltr'>ad</span> 
     </span>
     <span class='ocr_line' id='line_1_37' title="bbox 86 3747 1180 3820; baseline 0 -18"><span class='ocrx_word' id='word_1_321' title='bbox 86 3752 218 3804; x_wconf 83' lang='lat' dir='ltr'>verticem</span> <span class='ocrx_word' id='word_1_322' title='bbox 243 3767 376 3802; x_wconf 87' lang='lat' dir='ltr'>summum</span> <span class='ocrx_word' id='word_1_323' title='bbox 405 3749 597 3802; x_wconf 85' lang='lat' dir='ltr'>dillinderetur.</span> <span class='ocrx_word' id='word_1_324' title='bbox 643 3747 707 3801; x_wconf 89' lang='lat' dir='ltr'>binc</span> <span class='ocrx_word' id='word_1_325' title='bbox 732 3751 836 3802; x_wconf 77' lang='lat' dir='ltr'>&#39;l&#39;urcse</span> <span class='ocrx_word' id='word_1_326' title='bbox 862 3748 1010 3820; x_wconf 71' lang='lat' dir='ltr'>sperabunt</span> <span class='ocrx_word' id='word_1_327' title='bbox 1029 3750 1180 3818; x_wconf 84' lang='lat' dir='ltr'>ingentium</span> 
     </span>
     <span class='ocr_line' id='line_1_38' title="bbox 87 3819 1181 3890; baseline -0.005 -18"><span class='ocrx_word' id='word_1_328' title='bbox 87 3819 299 3874; x_wconf 78' lang='lat' dir='ltr'>bombardorum</span> <span class='ocrx_word' id='word_1_329' title='bbox 319 3821 389 3872; x_wconf 80' lang='lat' dir='ltr'>suxis</span> <span class='ocrx_word' id='word_1_330' title='bbox 406 3829 512 3890; x_wconf 87' lang='lat' dir='ltr'>putrem</span> <span class='ocrx_word' id='word_1_331' title='bbox 526 3819 601 3872; x_wconf 85' lang='lat' dir='ltr'>illam</span> <span class='ocrx_word' id='word_1_332' title='bbox 618 3835 649 3870; x_wconf 87' lang='lat' dir='ltr'>ac</span> <span class='ocrx_word' id='word_1_333' title='bbox 669 3821 789 3888; x_wconf 80' lang='lat' dir='ltr'>fragilem</span> <span class='ocrx_word' id='word_1_334' title='bbox 808 3821 900 3872; x_wconf 88' lang='lat' dir='ltr'>turrim</span> <span class='ocrx_word' id='word_1_335' title='bbox 919 3819 993 3870; x_wconf 86' lang='lat' dir='ltr'>facili</span> <span class='ocrx_word' id='word_1_336' title='bbox 1019 3835 1077 3871; x_wconf 86' lang='lat' dir='ltr'>sese</span> <span class='ocrx_word' id='word_1_337' title='bbox 1097 3837 1181 3888; x_wconf 85' lang='lat' dir='ltr'>nego.</span> 
     </span>
     <span class='ocr_line' id='line_1_39' title="bbox 86 3889 1182 3961; baseline -0.005 -17"><span class='ocrx_word' id='word_1_338' title='bbox 86 3893 126 3944; x_wconf 82' lang='lat' dir='ltr'>tic</span> <span class='ocrx_word' id='word_1_339' title='bbox 145 3895 176 3945; x_wconf 84' lang='lat' dir='ltr'>iu</span> <span class='ocrx_word' id='word_1_340' title='bbox 193 3890 305 3961; x_wconf 86' lang='lat' dir='ltr'>planum</span> <span class='ocrx_word' id='word_1_341' title='bbox 324 3895 464 3956; x_wconf 80' lang='lat' dir='ltr'>effusurus,</span> <span class='ocrx_word' id='word_1_342' title='bbox 483 3900 511 3942; x_wconf 89' lang='lat' dir='ltr'>et</span> <span class='ocrx_word' id='word_1_343' title='bbox 528 3908 589 3942; x_wconf 88' lang='lat' dir='ltr'>curn</span> <span class='ocrx_word' id='word_1_344' title='bbox 608 3889 684 3941; x_wconf 88' lang='lat' dir='ltr'>nulla</span> <span class='ocrx_word' id='word_1_345' title='bbox 703 3899 774 3943; x_wconf 88' lang='lat' dir='ltr'>esset</span> <span class='ocrx_word' id='word_1_346' title='bbox 790 3889 862 3942; x_wconf 86' lang='lat' dir='ltr'>fossa</span> <span class='ocrx_word' id='word_1_347' title='bbox 880 3907 949 3960; x_wconf 85' lang='lat' dir='ltr'>quae</span> <span class='ocrx_word' id='word_1_348' title='bbox 962 3889 1111 3944; x_wconf 84' lang='lat' dir='ltr'>retardaret</span> <span class='ocrx_word' id='word_1_349' title='bbox 1130 3893 1182 3942; x_wconf 87' lang='lat' dir='ltr'>im.</span> 
     </span>
     <span class='ocr_line' id='line_1_40' title="bbox 85 3959 1182 4032; baseline 0 -18"><span class='ocrx_word' id='word_1_350' title='bbox 85 3971 176 4032; x_wconf 84' lang='lat' dir='ltr'>petus,</span> <span class='ocrx_word' id='word_1_351' title='bbox 195 3978 231 4014; x_wconf 82' lang='lat' dir='ltr'>ex</span> <span class='ocrx_word' id='word_1_352' title='bbox 250 3963 324 4014; x_wconf 87' lang='lat' dir='ltr'>facili</span> <span class='ocrx_word' id='word_1_353' title='bbox 341 3963 371 4014; x_wconf 93' lang='lat' dir='ltr'>in</span> <span class='ocrx_word' id='word_1_354' title='bbox 389 3963 550 4014; x_wconf 78' lang='lat' dir='ltr'>exteriorem</span> <span class='ocrx_word' id='word_1_355' title='bbox 568 3959 663 4012; x_wconf 88' lang='lat' dir='ltr'>urbem</span> <span class='ocrx_word' id='word_1_356' title='bbox 683 3963 837 4032; x_wconf 87' lang='lat' dir='ltr'>illapsurus,</span> <span class='ocrx_word' id='word_1_357' title='bbox 858 3960 947 4030; x_wconf 84' lang='lat' dir='ltr'>deque</span> <span class='ocrx_word' id='word_1_358' title='bbox 964 3961 1013 4014; x_wconf 90' lang='lat' dir='ltr'>illa</span> <span class='ocrx_word' id='word_1_359' title='bbox 1031 3963 1107 4014; x_wconf 85' lang='lat' dir='ltr'>ruina</span> <span class='ocrx_word' id='word_1_360' title='bbox 1127 3964 1182 4014; x_wconf 82' lang='lat' dir='ltr'>lio·</span> 
     </span>
     <span class='ocr_line' id='line_1_41' title="bbox 86 4031 1183 4102; baseline 0.002 -19"><span class='ocrx_word' id='word_1_361' title='bbox 86 4049 198 4085; x_wconf 81' lang='lat' dir='ltr'>insnum</span> <span class='ocrx_word' id='word_1_362' title='bbox 226 4033 338 4084; x_wconf 83' lang='lat' dir='ltr'>militem</span> <span class='ocrx_word' id='word_1_363' title='bbox 365 4033 521 4102; x_wconf 82' lang='lat' dir='ltr'>repulsurus</span> <span class='ocrx_word' id='word_1_364' title='bbox 550 4032 743 4102; x_wconf 79' lang='lat' dir='ltr'>civitatemque</span> <span class='ocrx_word' id='word_1_365' title='bbox 768 4031 962 4084; x_wconf 74' lang='lat' dir='ltr'>debellaturos.</span> <span class='ocrx_word' id='word_1_366' title='bbox 999 4043 1183 4086; x_wconf 82' lang='lat' dir='ltr'>verumtamen</span> 
     </span>
     <span class='ocr_line' id='line_1_42' title="bbox 86 4102 1184 4173; baseline 0.001 -21"><span class='ocrx_word' id='word_1_367' title='bbox 86 4103 233 4172; x_wconf 86' lang='lat' dir='ltr'>impiorum</span> <span class='ocrx_word' id='word_1_368' title='bbox 253 4103 433 4156; x_wconf 83' lang='lat' dir='ltr'>confidentiae</span> <span class='ocrx_word' id='word_1_369' title='bbox 452 4103 540 4154; x_wconf 83' lang='lat' dir='ltr'>exitus</span> <span class='ocrx_word' id='word_1_370' title='bbox 561 4119 618 4154; x_wconf 88' lang='lat' dir='ltr'>nou</span> <span class='ocrx_word' id='word_1_371' title='bbox 638 4103 792 4172; x_wconf 87' lang='lat' dir='ltr'>respondit:</span> <span class='ocrx_word' id='word_1_372' title='bbox 815 4119 930 4173; x_wconf 84' lang='lat' dir='ltr'>namque</span> <span class='ocrx_word' id='word_1_373' title='bbox 950 4102 1014 4155; x_wconf 89' lang='lat' dir='ltr'>licet</span> <span class='ocrx_word' id='word_1_374' title='bbox 1033 4105 1113 4157; x_wconf 89' lang='lat' dir='ltr'>turris</span> <span class='ocrx_word' id='word_1_375' title='bbox 1130 4121 1184 4173; x_wconf 87' lang='lat' dir='ltr'>pu·</span> 
     </span>
     <span class='ocr_line' id='line_1_43' title="bbox 86 4172 1182 4244; baseline 0 -18"><span class='ocrx_word' id='word_1_376' title='bbox 86 4173 159 4226; x_wconf 81' lang='lat' dir='ltr'>tricia</span> <span class='ocrx_word' id='word_1_377' title='bbox 175 4173 320 4228; x_wconf 83' lang='lat' dir='ltr'>machinae</span> <span class='ocrx_word' id='word_1_378' title='bbox 330 4173 461 4226; x_wconf 81' lang='lat' dir='ltr'>maximae</span> <span class='ocrx_word' id='word_1_379' title='bbox 479 4173 652 4244; x_wconf 71' lang='lat' dir='ltr'>septuaginta</span> <span class='ocrx_word' id='word_1_380' title='bbox 663 4174 762 4226; x_wconf 85' lang='lat' dir='ltr'>ictibus</span> <span class='ocrx_word' id='word_1_381' title='bbox 775 4183 888 4228; x_wconf 79' lang='lat' dir='ltr'>contusa</span> <span class='ocrx_word' id='word_1_382' title='bbox 901 4175 1004 4238; x_wconf 82' lang='lat' dir='ltr'>fuisset,</span> <span class='ocrx_word' id='word_1_383' title='bbox 1023 4175 1100 4226; x_wconf 76' lang='lat' dir='ltr'>ncilla</span> <span class='ocrx_word' id='word_1_384' title='bbox 1118 4172 1182 4226; x_wconf 89' lang='lat' dir='ltr'>inde</span> 
     </span>
    </p>
   </div>
   <div class='ocr_carea' id='block_1_5' title="bbox 0 0 1510 4924">
    <p class='ocr_par' dir='ltr' id='par_1_5' title="bbox 0 0 1510 4924">
     <span class='ocr_line' id='line_1_44' title="bbox 0 0 1510 4924; baseline 0 3"><span class='ocrx_word' id='word_1_385' title='bbox 0 0 1510 4924; x_wconf 95' lang='lat' dir='ltr'> </span> 
     </span>
    </p>
   </div>
  </div>
 </body>
</html>
