3012 4924
349 284 436 400 398
669 310 844 376 osonuu
874 309 1118 376 νιιιιιισνασ

347 465 382 528 ἐν
400 461 549 552 θαλάσσῃ
570 463 616 537 τίς
636 458 740 528 arsisse
762 459 886 544 α’γαθοί
902 464 963 526 sios
992 464 1047 526 καί
1065 455 1310 546 ἐπιτηδειότατα
1326 509 1336 544 ,
1355 459 1429 548 bui

347 559 496 650 θαλάσση
518 567 578 644 μὲν
599 557 799 628 insudarunt
815 561 930 628 τεἺιαί
940 564 1192 645 θαλαττουργοί,
1212 563 1267 626 καί
1285 565 1364 646 νῆας
1383 563 1429 643 ίμ-

346 663 482 744 πορικιλς
500 664 648 738 πλείστας
669 659 804 744 ἔχοντες,
829 663 886 727 καί
897 665 1088 745 κυβερνῆται
1100 665 1158 727 καί
1176 662 1347 745 ναύκληροι
1372 653 1429 744 όρι-

345 785 417 826 οτοι
436 764 476 826 ού
492 759 590 844 μόνον
609 763 645 826 ἐν
661 770 730 838 ταῖς
741 765 855 831 ναυσίν
880 763 995 842 αὐτῶν,
1016 758 1099 826 α’λλοὶ
1112 765 1167 826 καί
1184 761 1239 826 ε’πί
1257 762 1314 825 τόν
1334 760 1430 828 στόλον

344 857 398 928 τόν
420 859 587 943 βασιλικόν
608 864 798 944 κυβερνῆται
819 861 879 924 osias
901 861 1002 942 όλίγοι
1024 863 1057 939 ἐξ
1079 863 1189 928 αύτιόν
1210 861 1309 926 εἰσίν·
1352 865 1385 928 ἐν
1402 864 1449 924 iii

345 963 385 1050 τῇ
403 965 510 1050 χέρσῳ
544 959 661 1041 δμοίως
681 961 717 1024 όν
748 965 793 1048 τῷ
815 959 960 1024 ἱππεύειν
985 962 1042 1026 καί
1060 960 1231 1040 ἀκοντίζειν
1251 967 1431 1046 στρατιιότυι

343 1061 548 1147 ιίγαθιότατοι
568 1061 625 1124 καί
651 1061 744 1138 πεζοί
769 1056 997 1145 ἀνδρικώτατοι
1020 1063 1075 1126 καί
1096 1062 1312 1144 δοκιμώτατοι.
1357 1061 1430 1126 otti

343 1156 499 1245 ἄρχοντες
514 1158 619 1224 αότύν
633 1156 729 1224 πόλιν
745 1162 870 1226 συνετοί
881 1158 938 1224 καί
952 1163 1051 1245 σοφοί
1063 1163 1120 1226 καί
1132 1157 1261 1244 ἔντιμοι,
1275 1160 1430 1242 ξενίζοντα

342 1260 418 1336 τούς
437 1255 588 1342 τυχόντας
604 1261 660 1324 καί
678 1261 954 1343 παραμυθούντες.
974 1261 1031 1324 καί
1045 1257 1107 1342 πρό
1123 1259 1249 1326 πόντων
1262 1259 1318 1346 την
1338 1266 1431 1326 πίστιν

341 1363 399 1426 καί
417 1351 546 1424 εὔνοιαν
568 1356 608 1442 ἢν
628 1355 805 1445 ἐφύλαττον
826 1356 962 1424 ἔκπαλαι
984 1361 1040 1424 καί
1061 1361 1121 1436 ἕως
1141 1362 1198 1424 τού
1219 1363 1277 1425 νῦν
1300 1362 1346 1438 εἰς
1365 1357 1464 1425 sisino

341 1463 398 1524 ani
418 1461 463 1534 είς
484 1455 543 1543 τὴν
564 1458 670 1543 οἷρχὴν
686 1457 863 1540 Ῥωμαίων.
916 1457 972 1523 διό
994 1456 1113 1534 ταύτας
1135 1462 1196 1539 μὲν
1215 1459 1273 1536 τός
1292 1457 1431 1533 τοιαύτας

341 1558 478 1643 χάριτας
500 1561 556 1622 καί
575 1555 693 1640 όρετιὶς
712 1558 769 1622 καί
788 1559 833 1632 εἷς
851 1555 926 1634 τούς
947 1561 1092 1640 βασιλεῖς
1111 1551 1239 1624 εὔνοιαν
1262 1559 1319 1624 καί
1336 1559 1432 1624 πίστιν

342 1660 378 1724 ἐν
399 1655 570 1745 διαφόροις
589 1666 711 1742 καιροῖς
740 1657 905 1744 διαφόρως
927 1657 959 1722 oi
979 1660 1167 1740 κρατοῦντες
1184 1651 1320 1735 όνακτες
1334 1662 1432 1742 ἐτίμη-

341 1783 404 1824 σαν
421 1761 477 1824 καί
496 1759 542 1834 είς
555 1755 681 1841 μεγάλα
700 1756 861 1844 προνόμια
872 1755 930 1842 τὴν
942 1753 1036 1840 ύμίον
1055 1757 1222 1842 ἐκκλησίαν
1239 1761 1348 1822 sisois
1369 1754 1431 1822 όντ-

341 1863 491 1944 βιλθασαν.
531 1860 590 1924 καί
609 1857 814 1942 πρῶτονμὲν
834 1859 929 1923 τούτο
950 1854 986 1922 τό
1011 1855 1211 1940 περιώνυμον
1232 1861 1290 1922 καί
1310 1855 1465 1944 iassae-15

342 1961 440 2046 φελδς
461 1954 616 2044 φρούριον
635 1953 809 2039 ἐπισκοπὴν
830 1949 932 2022 asiana
952 1957 1008 2041 τῆς
1020 1956 1185 2038 Κορίνθου
1204 1955 1430 2041 μητροπόλεως,

342 2061 387 2124 δι’
408 2056 448 2134 δίς
466 2055 596 2138 εἴπομεν
622 2053 741 2140 ιίρετάς
761 2057 826 2119 τεόν
846 2057 985 2120 πολιτῶν
1008 2059 1065 2120 καί
1081 2054 1219 2140 χάριτας
1232 2059 1299 2121 τοῦ
1313 2050 1432 2136 iussus,

340 2156 359 2220 ό
385 2147 572 2239 ἀείμνηστος
593 2151 745 2238 βασιλεύς
765 2152 821 2220 καί
838 2154 966 2240 μόρτυρ
978 2157 1164 2239 Μαυριλιιος
1184 2154 1201 2220 ό
1220 2157 1278 2220 καί
1297 2159 1431 2238 Τιβέριος

340 2258 387 2330 εἰς
407 2253 604 2340 μητρόπολιν
633 2253 822 2337 α’νεβιλλαοεν
851 2255 909 2318 καί
929 2252 1120 2338 τριακοστόν
1149 2257 1300 2340 τέταρτον
1322 2256 1431 2338 θρόνον

339 2351 460 2433 ἔταξεν,
480 2357 535 2418 καί
556 2357 648 2438 ἕτερα
670 2348 829 2438 προκόμια
843 2351 919 2436 περί
938 2357 1126 2439 ἐλευθερίας
1140 2358 1198 2438 τῆς
1218 2356 1339 2432 πόλεως
1358 2359 1468 2424 isira-so

339 2455 471 2539 ρησατο.
494 2454 720 2519 ἐπακολουθῶν
741 2454 777 2518 δὲ
799 2455 855 2518 καί
880 2449 897 2516 ό
921 2453 1076 2537 βασιλεύς
1096 2449 1157 2538 κύρ
1175 2453 1347 2531 Ἀλεξιοςδ
1370 2459 1428 2520 Ko-

408 2673 434 2724 9·
452 2655 501 2708 καλ
517 2645 573 2724 πρὸ
595 2683 627 2695 -
648 2650 806 2726 Ῥωμαίων]
829 2651 872 2706 his
889 2660 953 2724 post
965 2670 994 2718 τ.
1020 2669 1057 2706 ss.
1075 2655 1124 2709 καλ
1142 2659 1240 2712 utrm
1257 2658 1346 2728 aptior
1361 2657 1426 2710 torna

409 2739 453 2776 ao.
471 2733 534 2794 post
552 2725 648 2787 ἔταξεν
664 2725 685 2776 Ρ
703 2729 751 2780 ἐπὶ
770 2728 848 2786 ἔτους
867 2759 874 2775 ·
895 2760 902 2776 .
923 2761 930 2775 .
954 2760 960 2774 .
983 2725 1184 2789 ίνδαιτιῶνος.
1207 2764 1213 2779 .
1234 2765 1241 2779 .

338 2927 393 2972 tem
412 2925 441 2972 et
465 2919 565 2971 ciuium
590 2920 685 2991 popuii
708 2937 742 2973 ne
767 2921 882 2974 virtutos
904 2928 933 2974 et
962 2921 1153 2976 fortitudinem
1172 2924 1225 2976 iam
1246 2939 1421 2978 commemore-

337 3007 406 3043 mus.
443 2997 513 3042 terra
530 2939 707 3063 παύσαιτό
734 2993 825 3044 omnia
843 2991 927 3044 fortes
955 3002 983 3044 et
1002 2995 1084 3063 quain
1101 2997 1218 3048 maxime
1234 2996 1328 3049 idonei
1354 3005 1418 3060 σατις

337 3079 369 3116 ao
388 3078 462 3114 mare
480 3061 592 3132 quidem
610 3064 727 3114 scienter
746 3064 885 3132 navigant,
908 3080 1047 3134 navesque
1066 3068 1203 3120 onerarias
1218 3069 1363 3137 perennitas
1379 3067 1419 3118 is-

337 3133 406 3202 bsnt
426 3151 486 3184 eum
505 3132 733 3202 gubernatoribus
746 3141 775 3186 et
792 3133 926 3186 naucleris
937 3137 1188 3204 praestantissimis,
1207 3139 1257 3208 qui
1274 3156 1331 3192 non
1348 3139 1416 3190 asian

337 3205 458 3274 ipsorum
470 3221 551 3256 naves
573 3213 678 3274 regunt,
698 3203 747 3256 sed
764 3205 846 3256 etiam
864 3221 961 3272 magno
975 3223 1089 3259 numero
1109 3208 1224 3275 classen]¹
1236 3210 1413 3280 imperatorius

336 3275 498 3346 gubernant.
542 3275 670 3328 similiter
690 3275 719 3328 in
745 3281 816 3326 terra
834 3291 889 3347 qua
907 3277 1072 3346 equitando,
1091 3295 1145 3348 qua
1166 3281 1314 3334 iaculando
1334 3281 1413 3334 nitius

337 3345 446 3416 optimi,
464 3354 493 3398 et
509 3345 617 3415 pedites
643 3345 782 3398 fortissimi
808 3355 836 3398 et
864 3345 1049 3416 probatissimi
1068 3358 1142 3402 sunt.
1178 3353 1244 3404 item
1265 3369 1357 3406 eorum
1372 3367 1412 3402 ms·

336 3419 463 3486 guttatus
482 3417 636 3486 sapientes,
653 3417 734 3486 periti
755 3424 784 3468 et
803 3418 917 3486 spectati
937 3428 1018 3482 sunt,
1045 3421 1202 3490 peregrinos
1221 3423 1343 3495 hospitio
1360 3420 1413 3474 esai·

337 3493 420 3558 pinnt
440 3495 469 3540 et
486 3487 588 3540 fovent·
631 3496 695 3540 ante
713 3487 805 3539 omnia
832 3487 914 3540 fidem
933 3497 962 3540 et
985 3490 1205 3544 benevolentiam
1224 3510 1288 3563 erga
1307 3497 1411 3548 dsunrt

338 3560 481 3628 imperium
501 3559 666 3624 Romanum,
685 3558 720 3610 sb
750 3557 825 3610 omni
843 3558 909 3610 inda
934 3567 1057 3630 tempore
1074 3563 1206 3630 integram
1224 3575 1362 3627 serratam,
1376 3563 1413 3614 bo

741 3636 782 3680 ter
799 3627 868 3680 baec
894 3638 971 3684 tants
992 3643 1151 3688 ornamenta
1171 3643 1200 3686 et
1215 3637 1329 3690 uirtutes
1346 3645 1369 3688 st
1382 3635 1413 3684 is·

337 3702 441 3769 signem
459 3717 520 3768 erga
532 3701 709 3770 imperatores
720 3646 809 3754 briem
826 3709 855 3752 st
872 3701 992 3752 studium
1010 3702 1124 3758 diversis
1143 3708 1313 3777 temporibus
1330 3707 1414 3758 diverse

336 3771 372 3822 ab
392 3771 600 3841 imperatoribus
620 3771 747 3824 honorati
768 3779 833 3824 sunt
846 3780 875 3826 et
887 3774 1029 3824 ecclesium
1050 3777 1153 3844 magnis
1169 3777 1311 3832 beneficiis
1329 3785 1413 3829 secun

337 3840 499 3895 habuerunt.
536 3859 567 3894 ac
586 3843 703 3912 primum
719 3841 846 3912 quidem,
869 3859 953 3914 quum
971 3845 1067 3898 nobile
1092 3847 1165 3900 illusi
1188 3857 1218 3902 et
1240 3867 1324 3921 super
1345 3845 1414 3901 nubas

338 3912 440 3964 etatum
454 3913 587 3983 oppidum
606 3916 793 3984 episcopatum
812 3913 927 3968 haberet
945 3915 1077 3970 Corintho
1098 3927 1184 3972 metro
1206 3921 1244 3972 oli
1263 3921 1413 3978 subiectura,

336 3992 449 4053 propter
468 4001 521 4048 eas,
539 4001 607 4054 quas
622 3986 888 4040 commemoravimus
905 3987 1004 4040 cisium
1020 3989 1134 4044 virtutes
1151 3939 1285 4062 urbisque
1297 3985 1412 4044 commode

336 4062 463 4106 aeternae
481 4057 624 4108 memoriae
640 4058 676 4108 im
699 4064 789 4108 orator
806 4065 835 4108 et
855 4066 956 4124 martyr
969 4059 1126 4125 Mauricius,
1148 4073 1328 4130 cognomento
1343 4057 1415 4114 Tib·-

337 4125 413 4187 rius‚
438 4125 530 4178 urbem
555 4075 716 4197 metropoiis
742 4125 875 4195 dignitate
903 4129 1051 4184 illustravit
1070 4140 1099 4186 et
1125 4133 1290 4188 tricesimum
1306 4139 1410 4204 quitus

336 4195 464 4250 thronum
488 4198 516 4250 ei
536 4199 692 4264 constituit,
717 4197 827 4270 aliaque
843 4198 976 4254 beneficia
1002 4211 1030 4254 et
1055 4203 1236 4267 immunitatis
1255 4199 1410 4262 dunsten

338 3630 441 3700 alisque
458 3638 624 3682 conservant.
670 3647 719 3700 pro
