3062 4920
292 305 371 392 150
599 333 773 396 cnoncu
803 326 1050 396 nunannzan

284 489 370 570 γρτόν
394 486 497 558 κακοῖς
520 484 701 562 ἐδεξιοῦντο
724 482 825 564 ἡμᾶς,
845 481 917 544 αλλ’
937 479 1030 544 οὐδὲν
1049 473 1217 560 ἔβλαψαν·
1269 475 1298 542 οἱ
1317 475 1375 561 γάρ

284 587 344 648 sod
362 583 595 668 μητροπολίτου
620 579 833 666 κρατήσαντες
854 578 890 644 τό
917 576 1093 664 φροόριον,
1124 578 1171 646 ἔτι
1199 580 1235 644 δὲ
1257 577 1313 642 καί
1338 575 1374 642 τά

285 679 456 750 attentat
480 680 620 746 παλάτια
639 679 678 746 τά
695 681 825 766 πλησίον
840 677 940 744 αδτοδ
960 678 1117 762 οἰκήματα
1136 677 1378 762 σιταρχὴσανιες

283 787 340 847 καί
357 777 593 869 α’φιεριδοαντες
611 785 780 862 κατέσχον,
802 779 978 859 ἐλπίζοντες
1002 774 1053 844 δτι
1076 780 1224 852 ἐλθόντος
1243 781 1298 842 τοῦ
1316 803 1376 859 μη.

283 883 467 965 τροπολίτου
501 877 558 944 διά
592 881 708 946 τοότου
731 878 827 945 πάλιν
851 877 974 962 λάβωσι
1003 877 1039 942 τό
1063 881 1271 960 πτολίεθρον,
1302 871 1402 960 δπτρδ

283 985 339 1048 καί
358 978 511 1066 πρότερον
542 975 641 1063 εἶχον.
697 980 789 1065 ἡμῶν
817 981 852 1044 δὲ
873 981 927 1044 έπί
947 977 1004 1064 τὴν
1024 973 1136 1060 αδριον
1157 981 1379 1060 συναχθέντων

283 1087 319 1150 έν
339 1083 383 1170 τῷ
402 1083 463 1144 τοῦ
491 1077 582 1162 ἁγίου
605 1080 766 1146 Νικολάου
797 1083 882 1166 ναῷ,
913 1083 969 1144 καί
991 1078 1109 1156 ’παντός
1129 1082 1187 1145 τοῦ
1208 1083 1270 1144 ταῖν
1292 1083 1378 1142 πολι-

282 1185 345 1247 τάν
365 1180 494 1266 δήμου,
527 1173 657 1262 ὤμοσαν
684 1179 764 1262 μετά
796 1177 901 1263 ὅρκων
929 1183 969 1245 ἵν’
992 1175 1052 1246 οἷσι
1073 1179 1180 1246 πιστοί
1200 1182 1308 1264 δοῦλοι
1327 1177 1381 1240 κατ’

281 1279 486 1348 δποτακτικοί
506 1283 565 1344 soii
585 1279 743 1345 αδθέντου
765 1277 854 1364 ἡμῶν
875 1284 933 1344 τοῦ
962 1279 1135 1348 δεσπότου·
1177 1274 1246 1343 εἶτα
1268 1276 1378 1359 ἐζήτη-

280 1407 341 1448 σαν
360 1379 443 1460 κάμὲ
461 1384 521 1444 τοῦ
551 1379 668 1464 κρίνειν
688 1381 722 1446 όν
744 1381 853 1454 αὐτοῖς
882 1380 938 1444 καί
957 1379 1091 1446 ἰθύνειν.
1132 1377 1206 1444 ὅδὲ
1227 1377 1424 1459 αόθέντηςιο

280 1503 344 1563 μου
368 1478 558 1561 ἀπεκρίνατο
586 1480 684 1562 λέγων
712 1477 789 1544 ι’καί
817 1483 939 1559 μᾶλλον
961 1483 1051 1544 τοῦτο
1084 1478 1173 1566 adripi
1193 1475 1379 1563 ductiones,

280 1577 337 1644 aad
353 1576 452 1661 χάριν
462 1579 517 1660 τῆς
538 1577 629 1658 ὑμῶν
644 1579 797 1662 αἰτήσεως
816 1577 924 1646 ἔσεται
937 1578 1037 1654 ου’τός
1058 1575 1260 1664 είςκεφαλὴν
1275 1573 1383 1658 δμΐν.”

281 1683 322 1766 τῇ
346 1679 381 1742 δὲ
414 1675 511 1766 όχδόχ
539 1682 596 1742 τοῦ
623 1679 724 1742 αδτοῦ
746 1679 876 1744 Ἰουνίου
899 1677 1000 1764 μηνός
1028 1665 1234 1760 διερχομένου
1255 1701 1319 1758 μου
1338 1675 1382 1748 είς

281 1773 495 1857 Ναύπακτον,
518 1776 570 1840 ἵνα
595 1773 672 1859 πρὸς
692 1776 746 1842 τόν
767 1781 903 1859 βασιλέα
930 1765 1054 1861 apciton
1075 1777 1206 1843 ἀπέλθοι
1226 1771 1383 1840 α’κουοτόν

282 1880 417 1960 ποιῆσαι
436 1877 526 1964 αὐτῷ
552 1875 593 1942 τό
622 1879 657 1942 έν
677 1880 713 1964 τῇ
733 1878 853 1966 Πάτρρι
881 1875 1230 1962 παρακολουθήσαντα,
1249 1869 1306 1940 εἶτ’
1328 1873 1425 1940 ἀπ’τό

283 1981 386 2046 ἐκεῖσε
409 1983 478 2058 μετ’
501 1971 654 2060 ἄρχοντος
675 1979 778 2042 adsoni
797 1975 877 2061 πρός
900 1976 954 2042 τὸν
975 1979 1121 2060 δμηρᾶν,
1151 1973 1231 2041 κατά
1251 1973 1313 2059 τόν
1333 1995 1384 2038 τε·

282 2076 402 2160 τάρτην
426 2079 483 2140 τοῦ
507 2076 611 2140 adasai
642 2075 744 2161 μηνός
774 2077 962 2164 φθάσαντες
993 2081 1160 2157 ἐμείναμεν
1189 2078 1224 2140 ἐν
1254 2079 1298 2161 τῷ
1326 2075 1384 2138 τοῦ
1411 2137 1418 2144 .

282 2171 375 2256 άγίου
394 2173 547 2260 Ἀνδρέου
568 2178 642 2263 ναῷ.
686 2176 757 2242 ι’δοδ
779 2179 835 2242 καί
862 2179 921 2242 δόο
945 2180 1080 2259 Τυῦρκοι
1102 2174 1306 2258 διερχόμενοι
1327 2171 1384 2260 τήν

281 2271 494 2357 Ναύπακτον,
515 2273 607 2355 όμδν
627 2280 684 2340 τοῦ
704 2274 847 2361 δμηράδ
872 2279 908 2340 δὲ
928 2279 988 2340 τοῦ
1013 2273 1217 2360 Τουριιχάνη,
1240 2296 1383 2358 προσαγ-

280 2377 441 2458 γέλλοντες
457 2375 491 2438 ἐν
511 2374 727 2456 προστάγματι
748 2379 800 2440 ἵνα
821 2375 866 2460 μὴ
890 2374 948 2460 τὴν
968 2377 1104 2459 Πάτραν
1125 2373 1379 2459 παραλάβωμεν.
1392 2397 1429 2440 aa

283 2474 397 2546 οἵτινες
418 2474 454 2536 δὲ
485 2469 580 2536 πάλιν
606 2473 811 2558 ὑπέστρεψαν
838 2480 907 2556 μετ’
937 2477 1018 2557 ἐμοῦ
1041 2473 1214 2558 α’πολογιάν
1234 2472 1385 2555 λαβόντες

283 2567 428 2652 τοιάνδε,
450 2565 499 2634 δτι
518 2573 590 2635 έπεί
609 2569 625 2636 ὃ
657 2571 770 2657 παρών
797 2573 887 2657 ἧμαῖν
910 2566 1021 2656 ἅρχων
1041 2576 1213 2658 ἀπέρχεται
1234 2571 1314 2656 πρός
1333 2569 1387 2636 τόν

283 2669 425 2759 α’δελρόυ
442 2694 506 2754 μου
527 2669 583 2738 τόν
601 2673 703 2756 μέγαν
726 2673 854 2758 α’μηροῖυ
876 2672 1045 2760 (δειννόαν
1067 2676 1125 2756 ἐμὲ
1145 2673 1208 2761 ἔφη
1229 2667 1343 2748 adroic
1365 2669 1383 2733 δ

1092 2769 1099 2793 ι

354 2899 380 2964 δ.
401 2895 609 2971 άφηριδσανζες
627 2899 646 2950 Ρ
745 2902 770 2954 5.
789 2900 889 2956 τούτου
909 2903 988 2957 ἔστιν
1011 2888 1099 2958 πάλιν
1118 2901 1147 2954 bl
1234 2918 1263 2972 9.
1280 2899 1321 2972 τᾷ
1336 2896 1386 2952 αδ·

354 2972 437 3042 θέναρ
456 2969 536 3042 ἡμῶν
555 2975 604 3024 καὶ
624 2969 746 3046 δεσπότῃ
763 2970 783 3024 Ρ

282 3147 454 3216 arcubusque
480 3146 635 3199 balearibus
657 3148 727 3200 male
754 3163 805 3199 nos
835 3147 1023 3216 excipiebant,
1050 3163 1102 3199 nec
1120 3145 1269 3198 laedebant
1286 3155 1388 3198 tamem

282 3235 344 3269 uam
371 3217 420 3288 qui
441 3233 458 3269 a
481 3219 656 3288 metropolita
691 3218 814 3282 stabant,
842 3219 984 3270 castellana
1006 3226 1169 3288 occuparant
1194 3225 1222 3270 et
1247 3225 1389 3287 praetem

282 3290 386 3358 palatia
411 3289 541 3359 principis
568 3289 599 3340 in
632 3289 707 3342 illins
732 3289 833 3340 vicinia
861 3289 1022 3354 aedificata,
1044 3305 1100 3360 ope
1132 3289 1219 3352 ducti,
1250 3290 1313 3341 lore
1341 3297 1389 3351 ut,

282 3377 366 3430 quum
398 3359 513 3412 redisset
528 3361 719 3430 metropolita,
754 3359 835 3412 huius
850 3363 1023 3412 ,auctoritate
1045 3359 1191 3430 oppidum,
1210 3359 1286 3429 quod
1305 3363 1389 3412 etiam

280 3433 357 3499 prius
377 3439 536 3492 tenuerant,
567 3433 726 3501 reciperent.
756 3439 865 3501 postera
890 3431 952 3483 luce
975 3439 1033 3484 tota
1064 3433 1167 3492 civitas,
1192 3430 1337 3484 nobiscum
1358 3432 1388 3482 in

281 3501 349 3554 aede
367 3502 455 3552 uncti
474 3501 581 3554 Nicolai
600 3510 771 3571 congregata,
790 3503 964 3554 sacramentis
984 3502 1065 3554 fidem
1083 3511 1112 3556 et
1130 3499 1318 3554 obedientiam
1338 3501 1389 3553 ad-

281 3571 352 3623 dixit
370 3570 516 3640 despoton,
545 3573 656 3625 domino
682 3583 787 3626 nostro.
813 3572 914 3625 deinde
933 3591 1016 3645 quum
1036 3583 1079 3624 ατε·
1099 3572 1266 3644 praelectum
1285 3581 1317 3625 et
1337 3588 1388 3640 gu·

281 3641 454 3693 bernatorena
474 3642 527 3694 sibi
548 3651 718 3714 exoptarent,
740 3643 881 3713 respondit
900 3643 1024 3696 dominus
1042 3662 1132 3696 meus:
1149 3641 1197 3696 ‘'et
1216 3643 1269 3714 ipsi
1289 3642 1387 3695 admo-

280 3712 346 3763 dum
366 3711 421 3763 hoe
448 3711 554 3778 debeo,
583 3723 611 3766 et
634 3715 794 3784 petentibus
819 3715 897 3766 vobis
922 3717 1073 3778 satisfacio,
1097 3724 1128 3766 nt
1153 3713 1232 3766 vobis
1256 3712 1386 3784 praesit-'⁸

270 3800 364 3855 ,quum
383 3790 478 3835 octavo
497 3783 544 3836 die
561 3783 682 3837 eiusdem
699 3788 800 3840 mensis
823 3785 896 3837 iunii
920 3785 1090 3856 Naupactum
1108 3785 1306 3847 discessissem,
1325 3785 1384 3854 pri-

277 3871 351 3906 murn
381 3853 538 3924 imperatori
566 3857 692 3908 nuntium
721 3859 853 3910 allaturus
878 3855 1011 3910 derebus
1031 3857 1067 3908 ad
1093 3859 1197 3911 Patrem
1222 3857 1385 3918 transactis,

276 3923 381 3978 deinde
398 3941 458 3976 cum
473 3941 529 3976 nno
548 3943 563 3976 e
585 3927 744 3994 proceribus
763 3929 821 3981 eius
860 3927 1010 3980 resectus-ns
1027 3927 1061 3978 ad
1080 3945 1204 3990 amoram,
1217 3925 1263 3978 die
1282 3935 1384 3996 quarto

276 3995 335 4047 eius
362 3996 464 4048 mensis
496 3997 525 4048 in
550 3997 652 4066 templo
680 4001 765 4051 sancti
785 4001 827 4052 An
847 4015 909 4050 reae
935 4001 1092 4052 commorati
1126 4015 1225 4051 sumus.
1261 3997 1384 4050 advene-

277 4075 340 4119 runt
367 4077 426 4119 tum
454 4067 625 4138 Naupactum
654 4067 726 4121 sorte
756 4069 810 4122 duo
837 4071 958 4132 Tame,
990 4079 1113 4122 vetantes
1147 4085 1216 4120 unus
1258 4083 1385 4130 amesae,

275 4139 345 4190 alter
362 4137 529 4191 anaclsanis
555 4139 680 4201 nomine,
704 4158 739 4192 ne
764 4141 869 4194 Petram
897 4141 1076 4193 inditionem
1101 4149 1218 4192 nostram
1244 4140 1300 4190 acci
1340 4156 1383 4189 rs-

274 4225 343 4262 mus.
378 4209 407 4262 ld
426 4225 531 4262 mecum
549 4211 664 4274 reveni,
683 4211 739 4263 tale
759 4213 966 4266 aConstantino
987 4229 1145 4283 responsum
1166 4211 1270 4264 ferrent:
1308 4217 1383 4282 qno'-
