3050 4932
200 345 255 408 oa
272 337 640 408 arrassaromcassr
669 338 837 406 muoso
851 341 1078 406 aaaaarro.
1116 315 1197 430 527

112 497 215 577 μύλοι,
238 497 294 578 τής
322 493 450 568 ε’λπίῦος
479 495 593 578 σαφοῦς
626 489 865 576 διημαρτηκόσι.
910 486 1013 556 πάντα
1042 487 1100 578 γὰρ
1132 484 1200 558 ἅνω

111 594 165 662 καί
182 589 264 658 κάτω
281 589 441 676 γεγόνασι,
470 589 506 655 τύ
539 596 599 657 τοῦ
628 587 732 674 λόγου.
782 591 838 658 καί
858 589 879 673 'i
899 589 991 666 πόλις
1019 585 1127 676 ὥσπερ
1151 615 1201 670 τις

110 695 185 768 ναῦς
218 695 253 758 ἐν
290 691 418 774 πελάγει
455 693 683 772 περισχεθεῖσα
713 691 837 756 κακοῦν
852 695 1078 774 περιφέρεται,
1110 693 1200 775 δίκην

108 793 229 873 drusos
259 795 322 856 τῦν
359 794 429 858 καθ’
467 788 726 875 indeterminati
754 784 995 870 συμπιπτόντων
1027 791 1200 872 ταραττόν-

83 897 170 960 Saos
198 885 301 976 ούτήν
336 891 392 956 aas*
426 894 558 964 ναυτίας
591 892 706 976 πολλῆς
745 891 800 954 καί
826 889 946 972 ἰλίγγου
976 889 1198 976 πληρούντων,

106 997 160 1058 κατ’
189 995 335 1074 καθαρᾶς
370 984 480 1066 εύιλιάς
518 990 681 1074 ἐπιτυχεῖν
723 981 839 1077 οὔκουν
876 985 1019 1069 ε’ύντων,
1059 988 1136 1054 oaldi
1163 986 1201 1054 ad

105 1093 160 1174 τής
184 1090 310 1175 εἰρήνης
330 1089 386 1156 καὶ
403 1091 550 1174 νηνεμίας
572 1087 675 1156 ἱστίον
706 1083 890 1154 πετύσασαν
911 1087 991 1172 πρὸς
1011 1089 1122 1170 λιμένα
1144 1111 1200 1151 κα·

53 1185 55 1195 *
104 1193 166 1258 λιὸν
194 1193 372 1276 ἐφθακέναι
402 1191 520 1272 στῆναί
538 1211 573 1254 τε
602 1190 649 1254 ἐπ’
671 1189 817 1274 οἶγκυριῦν
846 1188 1027 1272 α’σφαλείας
1055 1188 1112 1256 κατ’
1143 1189 1201 1267 μύ-

105 1315 170 1356 asar·
189 1285 381 1358 α’σύλεντον.
432 1289 512 1356 θεοῦ
534 1290 570 1352 dd
589 1277 653 1373 ripa
676 1289 770 1353 τοῦτο
796 1281 837 1352 dv
859 1285 910 1370 εἴη
931 1288 985 1352 κατ’
1004 1289 1061 1370 τής
1080 1287 1201 1352 ἐκείνου

63 1391 217 1476 ιασαφιῦς
235 1390 485 1474 πηδαλιοοχιάς,
515 1391 735 1473 καταπραῧναι
756 1390 815 1468 μὲν
834 1384 873 1451 τύ
898 1389 961 1452 τοῦτ
982 1387 1204 1468 ἐπερχομύνων

103 1488 332 1576 ιιορυρούμενα
349 1489 486 1570 κύματα,
508 1489 621 1554 totam
643 1489 678 1552 di
700 1485 779 1570 πρὸς
799 1484 945 1570 γαλήνην,
968 1485 1024 1552 κατ’
1040 1489 1205 1570 σωτηρίαν

101 1592 318 1674 χαρίσασθαι,
337 1590 392 1654 κατ’
413 1590 525 1654 δοῦναι
546 1588 694 1671 πρύμναν
721 1582 923 1672 κρούσασθαι
943 1591 1001 1650 τοῦ
1017 1588 1128 1650 λοιποῦ
1148 1585 1205 1648 καί

101 1692 239 1756 πλεῦσαι
261 1687 431 1772 δεύτερον,
454 1681 472 1752 ὅ
494 1711 587 1774 φασι,
611 1687 729 1766 πλοῦν,
751 1691 1036 1768 μεταβεβλημένων
1056 1680 1203 1750 ύπύντων

99 1790 154 1854 ε’πί
173 1788 209 1856 ro*
235 1793 362 1870 βέλτιον
389 1789 444 1854 καί
471 1783 491 1854 d
520 1791 662 1854 συνοίσει
683 1788 724 1874 τῇ
741 1785 853 1866 πόλει,
881 1783 1126 1866 μεσιτεύσαντος
1144 1785 1204 1848 τοῦ
1295 1855 1302 1866 ,

56 1888 275 1974 ιᾶήμεδαποῦ
295 1888 510 1970 τροπαιοῦχον
532 1887 588 1952 καί
607 1884 790 1970 μάρτυρος,
812 1887 869 1952 καί
886 1887 950 1950 τοῦτ
972 1887 1029 1967 τῆς
1052 1881 1204 1966 πατρίδος

96 1989 217 2053 οἰάκων
255 1979 353 2062 αύθις
387 1989 486 2052 εἰπεῖν
516 1987 769 2068 ἐπιλαβομένου,
790 1986 846 2050 καί
872 1981 952 2068 πρὸς
971 1983 1029 2067 τήν
1049 1981 1203 2065 τοσαύτην

94 2093 158 2154 τιῦν
193 2087 379 2172 συμφοριῦν
410 2085 577 2152 θάλασσαν
607 2089 647 2173 τῇ
676 2080 795 2152 ἑαυτοῦ
822 2088 1027 2170 χρησαμένου
1059 2077 1203 2162 ύννύμει.

92 2191 220 2271 γε’νοιτο
263 2189 300 2250 δὲ
319 2182 363 2272 μή
383 2185 442 2250 ούκ
463 2188 509 2261 είς
529 2181 675 2268 μανρύν,
698 2181 770 2274 ἱλέιρ
791 2188 849 2248 τοῦ
869 2187 949 2250 θεοῦ
971 2185 1259 2284 ἐπιβλέψαντοςηη,

96 2279 234 2368 ὄμματι,
257 2285 314 2350 κατ’
329 2288 700 2370 φιλανθρωπευσαμένου
714 2281 862 2369 συνήθως
881 2285 933 2370 ἐφ’
955 2275 1002 2360 οἷς
1023 2279 1122 2348 αῦτόν
1141 2303 1204 2346 πα·

49 2413 86 2452 20
95 2389 305 2472 ροργιζομεν.

183 2481 248 2568 κβ.
297 2486 405 2550 Ταῦτα
426 2483 459 2559 ἐς
481 2485 577 2566 δεῦρο
597 2479 888 2569 παρηκολούθηκεν,
910 2485 940 2548 εί
961 2482 1019 2548 καί
1037 2505 1108 2547 τινα
1130 2479 1203 2546 τού.

93 2611 161 2650 των
186 2585 285 2669 ήμεῖς
306 2577 429 2660 ἑκόντες
451 2582 506 2648 dui
525 2581 579 2650 τύν
601 2583 711 2664 καιρὸν
737 2587 794 2650 καί
813 2579 872 2667 τήν
893 2582 1050 2667 ἡμετέραν
1071 2583 1148 2666 περί
1165 2581 1201 2646 τύ

92 2691 204 2769 λέγειν
244 2684 418 2748 ἀσθένειαν
446 2691 636 2768 παραλιπεῖν
664 2685 737 2748 δεον
765 2686 961 2768 κεκρικαμεν.
1008 2679 1203 2767 κάπειδήπερ

92 2889 281 2966 longioribus
299 2891 354 2940 oris
372 2889 446 2942 illius
466 2891 615 2960 potiundae
634 2889 772 2942 desiderio
798 2889 983 2952 exardebant,
1007 2905 1053 2941 soa
1072 2891 1114 2942 sui
1132 2889 1206 2943 ‹lesi-

91 2967 181 3028 derii,
203 2960 258 3014 sed
278 2975 327 3010 uos
354 2975 466 3029 quoquo
488 2961 517 3012 in
536 2975 595 3012 eam
619 2961 763 3014 reditionis
780 2961 911 3029 paenitet,
930 2977 989 3015 svm
1006 2975 1066 3030 apos
1085 2961 1205 3014 meliorir

90 3046 186 3092 status
208 3030 325 3104 penitus
347 3029 458 3081 sublata
476 3032 519 3082 sit.
566 3047 666 3101 susque
691 3030 781 3100 deque
800 3033 872 3082 enim
890 3031 980 3083 omnia
999 3031 1071 3084 lacta
1089 3040 1159 3096 sunt,
1175 3041 1207 3086 ut

87 3105 252 3180 proverbio
273 3101 479 3168 circumfertur;
498 3108 526 3152 st
544 3101 625 3166 urbs,
641 3103 727 3154 veluti
750 3102 825 3154 naris
844 3103 900 3153 alto
921 3104 1052 3154 malorum
1070 3103 1137 3154 mari
1156 3119 1207 3172 op.

87 3194 214 3250 pressa,
246 3171 452 3240 circumagitur:
483 3180 625 3224 ventorum
656 3173 728 3224 enim
758 3173 859 3236 instar,
890 3189 960 3243 quae
978 3174 1090 3242 singuiis
1110 3173 1207 3226 dielms

88 3253 266 3307 occurrunt,
283 3259 343 3294 eam
360 3243 545 3295 interturbant
563 3252 591 3295 et
608 3260 708 3295 nausea
728 3245 916 3313 vertigioeque
934 3245 1080 3314 complent,
1099 3253 1127 3297 et
1144 3263 1207 3298 vera

85 3319 183 3392 potiri
202 3315 306 3386 quiete
324 3331 380 3365 noo
398 3315 569 3383 permittunt,
587 3315 647 3366 vela
669 3315 734 3366 licet
750 3317 824 3386 pacis
839 3324 867 3367 et
881 3316 1089 3386 tranquillitatis
1105 3333 1208 3385 eapro-

86 3393 180 3454 derit,
203 3395 241 3440 ut
261 3383 297 3436 ad
315 3392 421 3454 portum
445 3383 581 3436 bonorum
608 3387 746 3454 appellat,
772 3395 801 3438 et
824 3403 980 3438 ancorarum
998 3387 1142 3442 securitate
1162 3387 1208 3438 fir-

84 3471 198 3522 metur,
219 3463 388 3525 maneatque
405 3456 572 3508 inconeussa.
610 3455 655 3507 dei
673 3458 754 3525 igitur
768 3457 859 3519 suerit,
878 3465 906 3508 et
921 3457 996 3508 illius
1009 3459 1090 3528 plane
1108 3457 1207 3525 guber-

82 3531 244 3590 nationis,
267 3543 353 3578 rerum
374 3526 577 3578 advenientium
597 3528 715 3580 tumidos
736 3527 833 3580 ductus
854 3527 964 3591 sedare,
995 3529 1029 3579 ad
1047 3529 1218 3598 tranquilli-'

83 3615 181 3657 tatem
203 3599 337 3664 dirigere,
358 3598 471 3648 salutern
482 3597 597 3665 elargiri,
616 3597 818 3668 concedereque
837 3607 868 3650 ut
888 3599 917 3650 in
936 3607 1073 3668 posterum
1093 3601 1207 3669 puppim

82 3675 280 3728 inhibeamus
300 3675 329 3719 et
345 3665 463 3719 secunda
480 3669 661 3736 navigatione,
683 3669 757 3740 quod
777 3669 885 3730 dieitur,
906 3669 1158 3733 utaruur‚omnibus
1178 3671 1207 3720 in

81 3747 200 3798 melius
215 3738 379 3798 immutatis,
395 3747 434 3800 ut,
448 3737 585 3808 quidquid
599 3741 689 3802 luerit,
702 3741 804 3792 civitati
823 3739 965 3802 conducat,
982 3739 1156 3810 deprecatore
1177 3755 1206 3791 se

81 3835 140 3888 pro
163 3811 260 3866 nobis
280 3810 428 3878 praebente
455 3818 548 3862 nostro
569 3813 701 3880 tropaeali
721 3819 749 3862 et
774 3820 906 3878 martyre,
933 3827 1077 3881 rursusque
1102 3811 1206 3880 patriae

79 3879 295 3958 gubernacula
310 3881 482 3948 suscipiente,
502 3891 529 3932 et
547 3881 674 3933 adversus
691 3890 733 3934 tot
750 3883 932 3934 calamitatum
954 3883 1110 3934 immodicos
1130 3899 1207 3934 mon·

79 3969 130 4012 tes
154 3969 248 4008 suam
271 3951 419 4018 potentiam
433 3962 593 4022 usurpante,
613 3969 703 4020 neque
723 3951 768 4003 diu
783 3951 883 4003 bonum
897 3952 1050 4016 differatur,
1070 3952 1121 4005 deo
1143 3971 1207 4022 pro·

79 4029 164 4101 pitio
189 4021 284 4076 oculo
308 4023 492 4089 inspectante,
520 4031 547 4074 et
574 4039 622 4074 suo
645 4039 719 4074 more
739 4021 898 4088 uobiscum,
917 4025 963 4093 qui
990 4025 1019 4076 in
1041 4041 1102 4076 sum
1121 4023 1209 4076 delio-

79 4103 233 4170 quimus,
262 4089 418 4144 huruarriter
437 4101 542 4159 agente.

166 4182 223 4217 oo.
270 4161 303 4212 Et
330 4161 397 4212 haec
416 4159 555 4232 harenaque
577 4179 744 4234 processere:
772 4162 838 4214 licet
862 4179 910 4214 nos
943 4181 976 4214 ex
1004 4164 1059 4216 illis
1076 4161 1209 4234 quaedam

78 4247 214 4312 sponte,
241 4241 367 4302 tempore
386 4232 414 4283 id
436 4243 564 4303 poscente
584 4243 612 4286 et
629 4243 720 4286 nostra
746 4231 856 4286 dicendi
877 4233 1079 4299 imbecillitate,
1099 4234 1208 4288 silentio
