3018 4928
651 334 824 398 oaouou
855 317 1101 396 consumo
1141 429 1142 434 Ν

333 485 445 552 'Aniba
466 487 522 548 καί
543 483 724 548 Αἰθιοπίαν
745 478 894 568 Περσίαν
917 503 950 546 τε
978 482 1035 544 καί
1050 475 1168 544 Ἰνδόαν
1193 479 1250 542 κατ’
1268 478 1409 562 transisti.

334 585 351 648 ὁ
375 587 411 648 δὲ
433 581 539 668 ἕτερος
558 579 704 667 Ἰωάννης
723 585 779 646 κατ’
798 577 897 657 ου’τός
911 580 1105 664 Ἑλληνικοῖς,
1126 581 1183 642 κατ’
1201 573 1299 662 ἐδόθη
1319 581 1360 654 εἰς
1376 577 1409 642 τά

332 682 414 767 μέρη
435 686 490 766 τῆς
514 680 671 766 Εόραόπης
699 683 756 745 καί
783 679 843 756 τάς
870 679 986 764 νήσους
1007 679 1064 742 καί
1079 675 1159 767 Ιἔνθα
1179 677 1370 760 εὑρίσκονται
1386 677 1412 743 οἱ

322 775 479 866 Ἕλληνες.
501 779 557 844 καί
570 775 669 858 οότως
682 777 815 864 διεδόθη
827 776 862 844 τό
880 779 1063 862 stupam
1077 778 1123 854 ἐἰς
1137 775 1193 842 τόν
1203 774 1315 860 κόσμον
1325 776 1413 842 άπαι-

333 907 372 944 τα
395 882 435 944 ου’
455 876 535 962 μετά
569 883 643 962 βιάς
673 881 749 945 ouidi
776 879 848 960 μετ’
876 873 1010 962 άνάγκης
1030 876 1107 942 aricii
1138 876 1218 959 μετά
1239 881 1347 964 ξίφους
1368 877 1434 943 arii

332 979 468 1064 σπάθης,
490 981 561 1042 ἀλλ’
579 980 613 1042 ἑν
638 971 742 1066 άηιάπη
771 980 827 1042 κατ’
848 974 1008 1061 ἱλαρότητι
1036 977 1093 1041 καί
1113 979 1148 1041 ἐν
1166 974 1349 1042 ταπεινώσει
1369 975 1413 1040 τό·

331 1083 472 1162 ρι’σκοντο
494 1073 698 1152 διδάσκοντες
729 1076 759 1141 οἱ
781 1073 953 1142 ἀπόστολοι
976 1071 1031 1140 τόν
1055 1071 1147 1158 λόγον
1167 1077 1226 1141 τοῦ
1244 1080 1331 1140 aaut.
1367 1079 1415 1140 καί

330 1179 561 1261 άντέστραιιται
583 1171 620 1239 τά
642 1171 826 1260 πράγματα.
868 1172 1009 1260 τῶνγὰρ
1031 1167 1414 1257 ἇποστόλωκτυιττομένων

330 1278 589 1360 κολαφιζομένσιν
619 1275 870 1358 λοιδορουμένων
900 1277 1101 1355 διωκομένων
1138 1271 1349 1340 διδασκόντων
1380 1271 1413 1338 ori
1494 1275 1495 1342 i

331 1379 499 1440 κατέκοπτε
521 1372 555 1439 τό
571 1370 728 1458 κήρυγμα,
748 1374 817 1438 a’tt’
840 1373 943 1462 ήμόρρι
962 1377 1002 1462 τῇ
1022 1373 1125 1462 ἡμέρᾳ
1146 1373 1351 1457 ε’μεγαλόνετο
1370 1369 1415 1436 κατ’
1424 1399 1449 1440 ιο
1494 1409 1495 1466 η

330 1474 482 1559 ηόξάνετο
500 1471 537 1537 τό
563 1475 623 1537 τοῦ
643 1477 789 1556 Χριστοῦ
822 1477 1016 1556 ευάγγέλιον.
1065 1475 1122 1536 κατ’
1140 1475 1254 1538 ἐκεῖνον
1277 1471 1306 1538 oi
1327 1469 1413 1536 πολλά

238 1571 245 1584 ’
329 1575 558 1652 σπουδάζοντες
579 1575 635 1638 κατ’
661 1571 762 1636 πολλοὶ
787 1569 1004 1647 κεκοπιακόττς
1024 1569 1170 1653 satiust
1199 1571 1234 1636 τό
1261 1575 1319 1638 rori
1344 1574 1416 1658 Χρι.

329 1676 408 1737 orori
434 1666 552 1755 ὄνομα,
585 1675 637 1737 ἵνα
671 1670 716 1754 μή
748 1669 927 1758 ὁμολογήσῃ
960 1671 1061 1736 αότόν
1081 1696 1129 1748 τις
1156 1675 1221 1738 saio
1251 1669 1416 1752 α’νθράπων

328 1770 417 1856 θεόν,
440 1768 457 1834 ό
480 1775 515 1837 δὲ
537 1775 630 1837 τοῦτο
649 1773 816 1856 τολμήσων
836 1773 966 1860 θανάτῳ
990 1766 1212 1852 ἀποθανεῖται,
1235 1773 1331 1838 αότοί
1347 1774 1417 1836 ἐκεῖ·

328 1895 377 1936 νοι
395 1870 643 1957 κατανοήσαντος
663 1869 722 1955 τήν
742 1866 901 1954 άλήθιιαν
912 1875 1107 1956 προσέπεσον
1122 1871 1176 1936 κατ’
1193 1865 1451 1956 προστκόνησαν15
1494 1959 1495 1962 ¹

302 1977 304 1984 ’
328 1969 356 2036 oi
378 1977 437 2052 μὲν
458 1979 525 2046 τοῖς
545 1969 732 2046 ἀποστόλοις
760 1969 790 2034 οἱ
814 1973 849 2035 δὲ
872 1979 940 2047 τοῖς
960 1973 1088 2036 ἐκείνων
1109 1969 1275 2056 διαδόχοις
1295 1975 1348 2036 καί
1362 1995 1416 2052 μα-

328 2075 462 2152 θηταῖς,
485 2073 541 2134 uni
567 2071 758 2134 ἐπίστευσαν
780 2065 829 2134 ότι
858 2067 954 2144 αότός
976 2068 1097 2134 ἐστινὸ
1121 2067 1274 2154 άληθινός
1293 2061 1416 2150 θιός,ό

331 2167 490 2251 Χριστός,
520 2168 616 2243 ου’τός
638 2169 724 2232 ἐστιν
745 2166 761 2230 δ
790 2167 857 2245 υἱὸς
877 2171 936 2233 τοῦ
954 2171 1033 2233 θεοῦ
1053 2171 1112 2232 τοῦ
1135 2171 1266 2252 ζῶντος,
1285 2173 1340 2234 καί
1356 2171 1417 2234 ἐλν·

330 2271 446 2332 ποῦντο
467 2270 524 2331 καί
542 2265 667 2331 ἔκλαιον
688 2265 748 2342 τάς
768 2263 993 2350 παριλθοόσας
1017 2264 1156 2352 ἡμέρας,
1185 2265 1224 2343 ἃς
1243 2267 1418 2354 περιεπάτη-

330 2389 392 2430 σαν
413 2370 447 2430 ἐν
468 2369 507 2453 τῇ
528 2370 636 2452 σκοτίᾳ
657 2367 713 2430 καί
741 2368 781 2453 τῇ
802 2368 902 2454 πλάνη
926 2371 985 2431 τοῦ
1002 2371 1143 2432 Σατανᾶ.
1186 2364 1203 2432 ti
1227 2371 1264 2434 δὲ
1287 2367 1452 2449 nordys-²⁰

329 2471 387 2540 θος
406 2463 481 2539 θεός
497 2464 552 2528 καί
573 2461 716 2547 ἐλεήμων
736 2466 862 2542 ἐδέξατο
883 2467 992 2530 ου’ταῖν
1010 2463 1067 2550 τήν
1086 2463 1270 2550 μετάνοιαν,
1291 2468 1346 2532 καί
1365 2463 1415 2530 αά·

330 2564 406 2640 τούς
425 2561 500 2640 τούς
521 2560 693 2639 διώκοντας
713 2563 749 2627 τό
772 2567 830 2629 τοῦ
842 2567 989 2652 Χριστοῦ
1008 2559 1107 2648 ὄνομα
1127 2569 1299 2652 κατέστησα
1319 2566 1416 2648 ποιμὲ·

400 2763 426 2800 2.
444 2748 493 2800 καλ
510 2745 596 2811 ἐδόθη
613 2775 649 2786 --
665 2743 779 2819 νήσους]
799 2749 838 2810 cis
857 2746 907 2816 τήν
924 2746 1050 2822 Πάτμον
1070 2751 1120 2806 καὶ
1132 2749 1259 2826 Ἔφεσον
1277 2752 1297 2804 Ρ
1382 2765 1414 2818 ¹7·

399 2817 415 2872 ὁ
437 2815 479 2871 aii.
499 2849 531 2861 -
557 2819 635 2874 ἐστιν
653 2833 697 2870 ona
717 2817 737 2868 Ρ

330 3005 422 3066 gotum
440 3005 481 3049 est
498 2996 527 3048 in
544 2996 616 3060 Asia,
633 2995 733 3048 Aethio
755 2996 789 3058 ia,
809 2997 911 3059 Peraia,
938 2997 1014 3050 indis
1041 3005 1069 3051 ct
1092 2999 1206 3068 Arabia3
1234 3009 1360 3072 quartur,
1376 2999 1413 3049 io·

330 3065 451 3129 baanes,
468 3069 531 3119 item
551 3075 654 3136 graece,
674 3013 752 3136 quoti
768 3069 797 3118 iu
816 3075 893 3136 parta
906 3069 1029 3138 Europae
1048 3077 1077 3122 et
1096 3089 1146 3140 par
1165 3073 1270 3124 insulas
1289 3091 1321 3124 ac
1338 3072 1413 3139 regio·
1494 3135 1495 3144 η

331 3155 380 3190 nes
399 3157 414 3189 a
436 3139 544 3190 Graecis
565 3138 701 3189 habitatas
720 3139 849 3188 innotuit.
900 3139 937 3189 ita
964 3142 1134 3208 evangelium
1161 3159 1210 3212 por
1227 3151 1316 3196 totum
1334 3141 1414 3194 orben
1494 3177 1495 3188 ι

331 3218 462 3260 terrarum
480 3226 536 3260 nou
553 3209 580 3260 vi
601 3217 629 3260 et
641 3207 789 3269 violentia,
807 3224 857 3258 nec
877 3223 942 3261 ense
962 3217 990 3262 et
1001 3212 1102 3280 gladio,
1121 3213 1291 3282 divulgatum
1311 3223 1358 3275 est,
1374 3208 1413 3264 τιό

331 3281 377 3350 pio
397 3289 425 3331 et
454 3280 525 3330 taeta
554 3287 583 3330 et
601 3278 724 3330 modesto
750 3277 882 3347 apostolis
907 3279 1019 3332 vorhtun
1042 3281 1087 3334 dei
1106 3283 1278 3336 docentibus.
1315 3292 1414 3352 eratque

333 3367 421 3401 terum
440 3353 518 3420 quasi
537 3351 715 3418 repugnantia
735 3347 878 3417 quaedam.
898 3365 959 3402 narn
972 3369 1057 3420 quum
1076 3356 1194 3424 apostoli
1212 3362 1414 3424 percuterentur.

333 3420 550 3488 flagellarentur,
578 3421 707 3471 conviciis
737 3419 919 3483 aiiicereutur,
938 3424 1140 3490 exagitarentur
1163 3427 1235 3478 inter
1261 3425 1415 3482 docendos,

333 3507 389 3543 non
410 3507 538 3562 oppressa
557 3499 598 3542 ost
619 3508 711 3541 eorum
724 3489 858 3548 doctrina,
879 3491 927 3542 aed
947 3493 975 3542 iu
994 3494 1052 3544 dies
1070 3513 1141 3546 nova
1158 3497 1323 3550 incrementa
1336 3495 1415 3564 capit·

333 3561 381 3613 bat
402 3572 430 3613 et
449 3563 547 3614 laetius
578 3561 764 3616 effloresccbat
791 3561 960 3628 evangelium
981 3563 1089 3616 Christi.
1136 3569 1184 3636 qui
1213 3569 1285 3620 enim
1311 3567 1414 3620 moitura

333 3647 432 3700 operae
445 3631 640 3702 impendebant
650 3631 819 3701 multumque
826 3631 1012 3695 enitebantur,
1022 3644 1053 3686 ut
1061 3638 1230 3690 occultarent
1240 3655 1338 3690 nomen
1347 3635 1416 3688 Chri·

332 3703 375 3764 sti,
395 3720 430 3754 ne
449 3704 510 3772 quis
529 3719 588 3754 eum
606 3702 686 3753 derina
700 3719 760 3753 esso
778 3702 910 3765 crederet,
929 3703 1017 3774 (quod
1035 3707 1083 3776 qui
1103 3709 1256 3769 conabitur,
1274 3717 1357 3760 roorte
1373 3721 1415 3775 pt·

316 3829 319 3839 ,
333 3775 434 3824 siturus
454 3776 506 3845 cst)
526 3775 568 3824 ilii
584 3773 634 3842 ipsi
649 3773 740 3840 igitur,
753 3774 861 3840 cognita
878 3775 1001 3836 veritate,
1022 3777 1171 3832 adorarunt
1182 3787 1211 3830 et
1227 3779 1346 3830 cenerati
1362 3781 1414 3828 sont

334 3844 473 3910 apostotos
491 3846 534 3896 vel
553 3859 718 3895 successores
735 3853 763 3895 et
780 3843 927 3912 discipulos
945 3861 1046 3916 tofum,
1065 3857 1149 3918 atque
1166 3849 1347 3912 crediderunt,
1364 3861 1415 3898 aum

333 3929 425 3964 verum
446 3913 527 3966 deum
549 3923 577 3966 et
595 3913 731 3966 Christum
751 3923 780 3966 et
799 3915 885 3965 filium
907 3914 952 3966 slei
974 3918 1029 3968 aivi
1051 3935 1124 3982 esse,
1144 3937 1176 3970 ac
1194 3921 1324 3989 lugebant
1339 3927 1366 3972 et
1381 3917 1416 3966 1²·

334 3983 528 4034 mentabantur
540 3984 576 4036 rie
594 3995 717 4053 ternpore
738 3985 904 4052 praeterito,
933 4003 987 4056 qrro
1006 3988 1127 4042 tenebris
1146 4000 1175 4042 et
1192 3991 1325 4044 erroribus
1347 3989 1415 4040 Sata-

334 4071 385 4104 nae
406 4054 528 4106 obstricti
550 4055 666 4106 iuorant.
710 4053 777 4106 dous
802 4063 892 4106 autern
911 4059 1030 4125 optimus
1059 4067 1088 4112 at
1112 4063 1261 4114 misericors
1278 4056 1416 4129 accipiebat

334 4125 513 4176 naastation'etn
532 4126 630 4176 mentis
648 4141 758 4188 eorum,
779 4124 873 4178 ethos
899 4127 986 4194 ipsos,
1005 4131 1052 4198 qui
1080 4132 1313 4202 persequebantur
1327 4142 1416 4181 namra

336 4195 446 4261 Christi,
463 4204 586 4267 pastorea
605 4206 633 4250 ct
651 4197 791 4266 magistros
812 4205 841 4250 et
865 4199 976 4252 nuntios
1005 4199 1082 4256 verbi
1099 4211 1128 4255 ot
1144 4204 1259 4258 nominis
1285 4202 1324 4257 sui
1341 4199 1416 4255 tacis·
