3130 4920
282 255 344 342 68¹
595 281 770 347 eunucu
799 281 1042 352 ruusumsn

281 435 373 514 πεζοί
394 429 648 522 ληστρικούτατοι.
697 434 731 498 ἐν
757 435 794 498 δὲ
816 440 888 510 ταῖς
907 431 1030 519 μάχαις
1050 439 1107 502 καί
1126 437 1160 502 δν
1182 435 1227 526 τῷ
1249 440 1373 526 σολίμηι

279 543 344 610 τοϊς
363 527 517 620 τοιούτοις
547 536 689 616 χρῶνται
719 527 827 610 ὅπλοις
855 525 951 618 ἤγουν
969 533 1146 618 μαχαίραις
1174 540 1230 600 καί
1250 537 1375 621 θάραξι

278 631 335 698 καί
353 632 453 710 τόξοις
481 633 537 696 καί
555 631 668 714 σάγαις
686 638 829 714 χαλκοῖς.
882 632 922 698 τά
946 636 982 699 δὲ
1003 634 1165 718 ἐνδύματα
1187 636 1294 701 ου’τούν
1317 636 1376 702 καί
1463 683 1464 688 1

277 732 313 796 ui
335 733 432 812 ζῶναι
450 727 635 814 ύνιάρχοοσι
659 740 798 816 χρυσαῖ,
826 737 883 800 καί
910 733 1093 817 διαδήματα
1114 735 1148 800 ἐν
1168 743 1237 812 ταῖς
1250 734 1374 818 μάχαις

275 827 417 913 ἔχουσιν.
460 828 490 894 οἱ
512 832 547 895 δὲ
567 832 655 894 ἴσασι
678 823 782 897 αύτοῖν
799 833 1040 918 χρυσοχάλινοι,
1060 837 1318 918 μασχαλιστῆρες
1335 836 1403 908 δδό

274 939 397 1012 χρυσοῖ
412 932 469 996 καί
486 927 526 994 τά
550 931 706 1016 πλῆκτρα.
748 932 840 996 καίδ
862 932 989 1016 σύμπας
1009 937 1078 1015 βίος
1101 935 1207 1000 αύτῶν
1227 928 1371 1000 αύδέκα.
1397 945 1409 956 “

274 1052 346 1106 στος
364 1031 443 1112 μέν,
478 1025 587 1106 σκαιὸς
613 1032 725 1096 δὲκαὶ
744 1023 854 1116 άγριος
872 1035 928 1098 καί
946 1035 1114 1114 πολεμικὸς
1136 1031 1276 1117 ύαάρχει
1290 1032 1370 1098 νεάν-

273 1151 350 1194 τοτε.
391 1127 447 1194 καί
465 1123 566 1204 οὕτως
586 1127 625 1196 τά
656 1133 719 1196 τάν
742 1135 964 1214 Μασσαγετῶν
991 1133 1046 1198 καί
1063 1133 1122 1198 τού
1143 1136 1288 1218 Ντεμίρη
1310 1133 1371 1198 αύ-

273 1231 332 1293 τού
349 1231 507 1312 βασιλέως
528 1223 547 1312 ἦ
566 1234 711 1296 πολιτεία
731 1233 787 1296 καί
807 1231 824 1295 δ
841 1233 909 1313 βίος
933 1229 1010 1314 ἔχει.

356 1323 428 1391 Καί
455 1326 589 1405 τούτους
619 1330 754 1414 ἀφέντες
787 1329 867 1416 αρύς
897 1329 948 1396 τὸν
974 1331 1103 1416 άμηροῖν
1131 1328 1423 1414 Μιιαγιαζήτηνιο

271 1427 496 1508 ἐπανέλθωμεν
518 1429 575 1492 καί
593 1427 668 1504 τούς
687 1426 861 1512 προγόνους
880 1425 1007 1511 αύτού,
1035 1431 1133 1496 reddes
1154 1427 1367 1512 κατάγονται,

270 1521 326 1588 καί
344 1526 415 1590 τίνα
443 1525 482 1590 τά
515 1524 594 1611 ἔργα
621 1530 678 1594 καί
707 1529 981 1616 οἰνδραγαδήματα
1007 1531 1109 1596 adroic
1129 1532 1194 1595 κατ’
1216 1526 1369 1614 ἐπιτομὴν

270 1623 506 1709 διηγησόμεθα.

357 1715 462 1802 Οὗτος
481 1723 499 1792 u‘
520 1727 647 1812 οἶμηράς
660 1729 898 1814 Μααγιαζὴτης
917 1720 956 1814 ἦν
976 1731 1115 1811 σε’μνιτος
1129 1725 1287 1812 αὐθέντης
1301 1733 1367 1802 τοῖς

269 1822 478 1910 κνριεύσασιν
496 1829 534 1894 ἐκ
553 1831 612 1892 τού
628 1829 691 1893 τάν
708 1828 947 1908 Ὀτδμανλίδανν
966 1831 1094 1912 γένους·
1148 1824 1165 1891 d
1183 1821 1364 1912 'Epruypusi-
1379 1839 1423 1903 15

265 1929 323 2009 λης
342 1923 403 2010 γάρ
423 1918 463 2009 ἦν
491 1923 508 1993 ὃ
532 1929 675 2012 πρῶτος,
708 1924 778 2004 υίὸς
800 1930 861 1992 τού
877 1931 909 1994 Γ
907 1931 959 1994 ού.
1002 1932 1078 2012 περί
1096 1919 1141 1994 cdv
1159 1929 1219 2009 μὲν
1239 1924 1374 2001 τιολλοῖςΙ

264 2023 322 2090 καί
348 2021 466 2110 ἑτάροις
496 2027 707 2112 ίξιστορηθη,
739 2029 795 2092 καί
822 2025 981 2114 διαφοράς
1004 2029 1175 2114 εἰλήφασιν
1204 2021 1365 2110 turtur,

264 2121 333 2187 ἄλλ’
355 2122 399 2200 αἱς
418 2119 504 2189 εἶδον
524 2123 579 2190 καί
592 2119 734 2208 ἤκουσαν
754 2129 902 2209 ἕκαστος,
924 2127 963 2189 ού
987 2126 1236 2211 συνεφώνησαν·
1277 2118 1366 2202 ύμας

265 2218 367 2300 ούτοος
386 2224 442 2288 καί
463 2221 539 2306 ἡμῖν
559 2223 664 2299 καλούς
683 2222 786 2310 ἐφάνη
806 2222 862 2290 καί
877 2227 1043 2308 ἐκρίναμεν
1063 2223 1232 2308 ἱστορῆσαι
1253 2219 1302 2287 ἔτι
1321 2225 1362 2286 τά

265 2315 325 2386 dua
346 2318 382 2386 ἐκ
400 2324 528 2406 μακράς
549 2319 646 2404 άκοῆς
667 2321 729 2386 sinis
756 2327 866 2409 σοφοῖν
896 2325 1021 2406 α’νδροῖν
1041 2321 1205 2404 ἐμάθομεν
1224 2323 1280 2388 καί
1299 2315 1421 2396 duum

263 2419 432 2506 ἐγγράφοις
451 2419 526 2506 περὶ
546 2421 604 2503 τῆς
620 2419 819 2505 γενεαλογίας
838 2419 956 2507 ταύτης
977 2421 1111 2505 εἴδομεν.
1414 2431 1418 2439 “

332 2625 358 2678 3.
375 2627 424 2679 καὶ
441 2624 584 2697 σαγάρεσι
601 2628 650 2679 καλ
669 2626 773 2700 σάγαις
787 2635 920 2700 χορικοῖς
935 2633 1049 2688 nattum
1065 2626 1085 2678 P
1166 2627 1193 2680 6.
1213 2620 1277 2681 ἄνθ’
1293 2623 1360 2678 ἕκα-

334 2710 403 2750 στον
421 2695 455 2760 Ρ,
476 2693 648 2758 αύδενῐεκολς
667 2714 759 2766 margo
877 2718 905 2770 9.
923 2697 982 2752 ύνιά
1001 2715 1046 2768 χει
1064 2698 1083 2748 P
1190 2713 1229 2750 rr.
1248 2695 1360 2766 ‹insyri-

332 2765 428 2827 νουςΡ
504 2769 542 2834 ¹4·
559 2767 754 2841 μνιαγιαζάτης
773 2769 849 2821 umP
925 2774 963 2824 15.
985 2717 1238 2840 διδουμαλίδωνΜ
1308 2771 1359 2836 ἐρ-

333 2835 501 2909 εογρούλλης
520 2837 550 2889 Μ
644 2845 680 2894 16.
701 2839 716 2893 δ
735 2841 818 2892 oms>
917 2830 1014 2912 γιύνΡ
1117 2859 1154 2910 ιη.
1172 2841 1211 2896 sis
1229 2833 1358 2902 άδλῆλους

331 2907 365 2972 Ρ,
385 2909 489 2962 omissis
508 2905 563 2962 ἀλλ’
585 2907 624 2970 ὥς
640 2941 676 2951 -
691 2909 900 2983 συνεφώνησαν
995 2928 1032 2980 ¹9·
1049 2903 1136 2966 καλὸν
1153 2909 1247 2971 ἔδοξεν
1267 2909 1285 2958 Ρ

258 3103 347 3158 paces.
375 3089 406 3142 in
425 3087 501 3141 bello
531 3096 560 3141 et
577 3089 675 3158 pugnis
700 3091 779 3141 armis
804 3089 880 3142 hisce
904 3095 1035 3141 utuntur:
1063 3085 1226 3150 machaeris,
1252 3083 1359 3149 loricis,

258 3159 382 3222 arcubus,
393 3161 462 3229 sagis
471 3161 577 3226 aeneis,
588 3177 680 3212 eornm
692 3161 852 3212 uestimenta
866 3169 894 3212 et
907 3161 1014 3228 cingula
1024 3175 1104 3210 aurea
1119 3167 1197 3222 τροις
1210 3157 1239 3208 in
1251 3155 1358 3226 proelia

258 3233 381 3283 coronati
398 3231 561 3301 procedunt.
580 3247 711 3300 equorum
730 3232 815 3294 frena,
832 3233 919 3282 cincta
941 3229 1090 3300 pectoralia
1110 3239 1138 3281 et
1156 3229 1272 3280 senticae
1290 3228 1357 3280 item

259 3317 293 3352 ex
303 3319 378 3352 auro.
396 3303 521 3354 universa
541 3318 631 3354 corum
651 3305 706 3354 vita
733 3303 848 3372 simplex
874 3303 1001 3372 quidem,
1030 3299 1078 3352 sed
1097 3299 1198 3369 rigida,
1225 3298 1301 3350 ferox
1328 3305 1359 3350 et

257 3371 382 3424 militaris
401 3391 515 3442 semper.
539 3372 603 3425 talis
628 3373 711 3441 igitur
729 3373 938 3442 Massagetarum
956 3381 984 3424 et
1003 3372 1136 3435 Demisis,
1154 3387 1245 3422 surum
1268 3369 1356 3436 regis,

258 3443 379 3494 conditio
397 3452 426 3497 et
441 3443 550 3496 vivendi
572 3445 649 3495 ratio.

329 3514 377 3564 fli
390 3515 498 3577 missis,
524 3514 560 3565 ad
579 3515 727 3566 Baissetem
749 3531 863 3566 umerum
889 3522 918 3566 et
935 3514 1049 3566 maiores
1067 3513 1124 3564 eins
1144 3517 1354 3582 praevertemur,

256 3581 331 3635 unde
351 3585 482 3653 urigincm
505 3583 607 3637 ducant
638 3595 667 3638 et
683 3602 753 3656 quse
783 3601 877 3638 sorum
895 3586 1015 3638 facinora
1033 3592 1063 3636 et
1076 3599 1118 3636 res
1138 3583 1246 3634 fortiter
1262 3588 1355 3650 gestes

257 3653 379 3716 inerint,
397 3655 489 3724 paucis
505 3654 612 3706 dicturi.

328 3726 467 3782 Βεὶηοῑεε
493 3741 596 3776 amem
618 3727 744 3796 princeps
774 3726 885 3797 quintus
904 3735 963 3778 erat
987 3743 1021 3778 ex
1038 3741 1066 3777 re
1085 3725 1110 3775 is
1129 3720 1355 3774 Otirmanidarnm

257 3795 369 3848 familis.
392 3797 494 3865 primus
514 3795 587 3846 enim
609 3797 765 3866 Ertogrulss
788 3805 863 3860 erat,
889 3797 960 3848 fitius
981 3795 1043 3848 Gui.
1061 3743 1095 3848 de
1113 3793 1154 3844 his
1173 3809 1255 3862 quum
1272 3792 1355 3845 multi

258 3867 306 3918 alii
324 3867 493 3936 scripserint,
511 3865 560 3918 sed
577 3865 655 3918 valde
675 3869 705 3920 in
723 3869 829 3920 diversa
851 3865 952 3919 abeant
976 3866 1207 3932 diuturnamque,
1225 3861 1355 3933 qnando-

258 3937 369 4007 quidem
389 3937 495 4006 singuia
514 3937 678 4007 utquisque
696 3939 802 3991 uiderat
820 3947 848 3989 et
859 3937 1009 4002 audiverat,
1027 3939 1065 3990 ita
1081 3943 1240 4001 narrarunt,
1257 3943 1352 3986 tamen

257 4009 330 4062 idam
351 4007 417 4059 mihi
439 4023 548 4077 quoqne
562 4007 681 4076 placuit,
702 4019 786 4080 atque
804 4009 950 4072 constitui,
973 4026 1043 4078 qnae
1061 4025 1094 4059 aa
1113 4007 1261 4074 longinqua
1280 4005 1352 4056 fama

257 4079 292 4131 ds
310 4087 518 4147 eorumgenere
537 4086 584 4129 aut
601 4095 616 4130 a
634 4081 697 4134 siris
722 4081 807 4134 doctis
827 4079 981 4134 didicissem
1006 4089 1053 4134 aut
1070 4077 1168 4130 litteris
1187 4077 1352 4132 invenissem

256 4151 427 4220 consignata,
447 4167 590 4220 exponere.
