3050 4932
351 348 434 415 ruu
462 349 626 412 vruruus
656 348 766 412 acus
794 349 997 414 uuuouu.
1132 313 1213 408 533

131 493 256 570 ἄνωθεν
278 498 358 581 νόες,
379 501 493 586 prussis
506 503 563 564 niv
584 497 708 582 αἴρεται
722 493 854 582 dorium
868 501 999 583 κραυγή,
1020 498 1075 566 καί
1085 500 1121 565 τό
1146 504 1217 564 slus-

132 595 236 682 μόνιον
256 597 406 684 όφὴόεται
425 601 547 684 φῦλον,
578 595 716 682 σιγοόσας
738 598 820 678 ipsis
840 596 1009 680 παννόχοον
1028 601 1118 688 pilcis
1138 597 1217 684 όπη-

132 701 260 780 pirarius
279 697 429 780 γλιόττας.
470 697 581 778 elisos!
600 703 666 772 πῶς
689 690 729 762 iis
750 700 907 778 α’όαιιροτί
924 698 981 781 τήν
1000 699 1120 763 τσότιαν
1136 699 1216 782 μνη-

131 822 197 880 μην
219 799 391 878 όνίγιιοιμις
423 795 500 862 ἔνθα
521 799 585 876 ζιόν
614 795 709 874 αότός
729 793 746 860 ὅ
764 800 837 860 καθ’
859 793 943 880 ἡμεῖς
965 799 1004 862 δι’
1028 797 1112 879 ἡμεῖς
1130 798 1217 880 γενό-

104 895 225 978 ὅμενσς
245 899 451 981 καθεωρᾶτο,
483 896 583 981 δῆμός
603 920 637 962 τε
664 899 883 962 σννεστέλλπο
912 899 1038 975 βλέπειν
1057 896 1217 979 ἀγγέλων,

132 989 211 1078 ἔργα
230 1003 296 1071 τοῖς
316 997 472 1072 ἀντιθέοις
492 999 689 1080 παρανομίας
710 997 874 1077 τολμόται.
893 999 949 1061 καί
969 999 1100 1079 σκηπτσί
1119 997 1214 1080 ον’ρα·
1226 1013 1279 1082 379

130 1093 229 1160 νόθεν
257 1093 296 1157 ori
325 1099 567 1182 καταφέρονται.
617 1090 768 1161 οότόπιον
795 1099 861 1184 θεῷ
881 1097 1139 1181 α’φωσιαιμὲνισνί
1180 1093 1219 1178 ἣν

132 1196 311 1260 tetmarus
332 1197 424 1260 θείαν
443 1192 612 1282 ἀφῄρησθε
630 1194 744 1279 χάριν,
776 1197 832 1260 ναί
857 1203 923 1270 τοῖς
942 1200 1110 1279 τολμητπῖς
1130 1192 1219 1275 παρὰ

134 1295 258 1377 φαῦλον
271 1295 444 1375 λογίζεσθε.
485 1288 513 1358 τό
535 1299 601 1372 πῶς
621 1293 638 1358 ό
662 1299 718 1379 τῆς
739 1296 910 1378 είημερίας
925 1293 999 1377 ἡμῖν
1020 1293 1130 1374 καιρός
1150 1297 1220 1360 εἰιι.

88 1393 253 1468 τοθίσεας
264 1391 320 1456 ναί
330 1395 531 1477 καταδρομῆς
543 1397 659 1476 γέγονε,
674 1396 731 1458 καί
742 1396 1005 1478 καταλειφθέντες
1018 1393 1154 1474 αι’σχόνη
1168 1391 1222 1456 καί

132 1481 254 1565 όνειόος
266 1487 470 1577 γεγενήμεθα.
493 1491 633 1574 οἴχονται
645 1491 846 1578 πανηγύρεις,
860 1491 1001 1574 οἴχονται
1014 1493 1112 1556 θείαν
1132 1495 1223 1556 εἰιιιι-

129 1589 294 1672 ποσμότεον
313 1593 543 1676 λαμπρότητες.
565 1593 709 1658 α’πόλστλε
733 1590 905 1676 παρρησία.
937 1591 971 1656 τό
990 1595 1051 1658 τεόν
1071 1593 1222 1673 μοναχῶν

132 1687 327 1776 ἀπελήλαται
338 1691 452 1773 τόγμα,
465 1695 519 1756 καί
528 1693 638 1756 πολιαί
646 1697 865 1776 πρεσβυτέρων
875 1695 930 1757 καί
941 1688 1097 1756 διακόνιον
1110 1691 1224 1771 σεμνό-

132 1813 190 1874 της
203 1791 238 1855 ἐν
248 1799 311 1866 ταῖς
320 1791 441 1870 α’τίμοις
452 1794 635 1876 λογίζονται.
652 1785 706 1876 ἆρ’
718 1788 775 1855 σόν
787 1791 920 1874 α’βίοιτος
931 1787 948 1856 ό
959 1793 1027 1873 βίος
1042 1790 1132 1874 ἡμῶν
1145 1791 1223 1872 ἐστί,

85 1887 190 1954 obses*
211 1880 305 1971 ἧττον
324 1893 380 1957 τοῦ
408 1893 464 1973 ζῆν
484 1888 521 1956 τό
549 1895 659 1956 θανεῖν
681 1891 751 1956 lori
769 1900 895 1974 πικραῖς
914 1887 998 1956 onisco
1017 1893 1224 1972 βαλλομίνοις

133 1990 207 2054 καθ’
220 1981 355 2072 ἓνιίστην
368 1983 513 2070 όδόναιςς
527 1983 608 2074 ἦττον
620 2013 656 2072 γε
673 1991 786 2065 πάντες
802 1983 842 2054 όν
854 2013 909 2071 μοι
922 1995 1179 2076 σνμφθέγξαιντσ
1194 1986 1229 2053 oi

132 2085 269 2170 πόσχειν
287 2091 321 2154 όν
339 2097 404 2164 τοῖς
425 2090 576 2166 τοιοότοις
596 2089 789 2176 πεφόνεσαν.
831 2087 975 2174 ἠπόρησα
1000 2083 1056 2154 σόν
1074 2087 1224 2166 πολλάκις
1258 2132 1268 2150 .

132 2192 202 2250 κατ’
227 2184 365 2268 όμαοτόν
385 2182 459 2252 ἄνθ’
477 2183 552 2253 όταν
571 2189 685 2270 ταῦτα,
714 2192 771 2254 καί
789 2189 855 2264 πῶς
876 2191 922 2263 εἰς
941 2191 1090 2254 τοσοῦτον
1108 2184 1225 2272 ἥκομεν

133 2289 346 2370 νακοπρσγιλις
364 2284 395 2352 oi
414 2286 613 2363 πεπονθότες.
656 2287 711 2353 xci
729 2281 825 2374 εὗρον
849 2287 965 2353 λόοντό
987 2309 1041 2368 μοι
1063 2285 1118 2352 τόν
1138 2290 1226 2352 θεῖον

81 2383 226 2468 πολόγσν
246 2382 304 2468 την
326 2383 479 2475 ἀπορίαν,
504 2384 631 2452 “ε”στιιι”
662 2389 791 2470 λέγοντα
809 2385 850 2470 “si
872 2390 911 2471 γῆ
931 2383 1020 2468 όμσῖν
1039 2383 1153 2474 ἔρημος
1173 2385 1228 2450 καί

132 2481 169 2550 αλ
203 2485 351 2559 ε’παόλεις
372 2481 463 2566 όμολν
483 2483 615 2570 ἔρημοι,
647 2481 697 2551 ότι
725 2485 817 2568 όμεϊς
845 2485 1038 2571 ἐπορεόθητε
1070 2484 1150 2568 πρός
1169 2485 1227 2565 ε’μὲ

132 2583 272 2668 πλάγιοι,
293 2581 378 2669 κίγσό
400 2581 595 2670 πορεύσομαι
616 2585 695 2672 πρός
715 2585 799 2669 ὑμᾶς
821 2589 855 2651 όν
873 2589 968 2676 θυμῷ
986 2583 1135 2675 πλαγιλρ.”
1176 2580 1228 2649 ἕν-

136 2885 193 2922 τσια
213 2868 301 2938 lrsgor
317 2870 468 2922 sustollitur
488 2877 516 2922 et
533 2872 695 2924 daemonum
707 2871 805 2924 eborea
824 2871 966 2934 subsultet,
988 2871 1051 2922 dum
1070 2870 1226 2924 cantionum

134 2947 220 2992 totam
230 2947 337 2992 noctem
349 2941 538 3008 pervigilantes
557 2943 726 2995 administras
739 2943 844 3010 linguas
861 2943 1007 2993 taciturnae
1018 2941 1157 3012 conspicit.
1178 2959 1226 2994 sse

134 3009 216 3062 mibi!
236 3028 290 3080 qua
302 3011 408 3062 ratione
418 3011 521 3080 absque
533 3013 648 3064 lacrimis
658 3031 749 3064 eorum
761 3015 916 3064 memoriam
927 3013 1064 3081 repetam?
1078 3011 1123 3062 ubi
1135 3011 1226 3064 vivens

134 3081 205 3150 ipse,
217 3083 273 3150 qui,
286 3082 355 3132 sicut
371 3099 428 3143 nos,
443 3078 553 3152 propter
565 3101 613 3134 nos
626 3084 720 3146 lactare,
734 3083 952 3151 conspiciebatur
964 3091 992 3134 et
1005 3082 1158 3150 angelorum
1178 3100 1226 3134 co-

135 3153 199 3222 piae
212 3151 304 3203 videre
315 3151 550 3221 pertimescebant,
561 3155 619 3205 illic
631 3155 665 3205 ab
682 3155 771 3224 impiis
785 3153 842 3206 dira
854 3155 972 3205 facinora
983 3163 1183 3222 perpetrantur;
1199 3161 1228 3206 et

135 3223 251 3274 lulrniua
263 3222 297 3274 de
308 3223 384 3274 caelo
400 3241 456 3274 non
470 3223 590 3276 cadunt?
611 3243 626 3276 o
647 3225 704 3276 loca
722 3224 773 3276 deo
784 3223 952 3276 consecrata!
972 3241 1024 3294 qna
1036 3223 1227 3286 abundabatis,

135 3293 227 3345 divina
239 3295 323 3361 gratia
340 3293 507 3363 spoliamini,
528 3303 556 3346 et
573 3295 667 3364 pipulo
687 3313 701 3346 a
720 3297 870 3348 temerariis
882 3295 1048 3346 differimini.
1087 3293 1150 3356 beu,
1171 3310 1227 3362 quo

134 3363 217 3416 modo
226 3365 411 3434 prosperitatis
425 3371 529 3434 tempus
540 3367 715 3434 aggressionis
730 3375 758 3417 ct
775 3367 934 3418 incursionis
952 3367 1050 3416 lactum
1067 3373 1117 3427 est,
1128 3373 1155 3414 et
1168 3381 1226 3427 nos,

135 3436 184 3504 qni
204 3437 391 3498 remansimus,
416 3435 591 3504 opprobrium
622 3436 797 3488 etini'amial
842 3437 934 3488 abiere
953 3436 1057 3505 publici
1078 3444 1226 3487 conventus

135 3514 164 3557 et
182 3505 365 3568 celebritates,
386 3505 477 3558 abiere
496 3506 645 3558 divinarum
667 3508 810 3574 elligierum
836 3505 1003 3578 splendores.
1041 3507 1123 3576 periit
1140 3503 1226 3556 libes·-

134 3584 192 3639 tas,
218 3575 409 3628 monachorum
437 3587 530 3630 coetus
553 3579 655 3630 eiectus
673 3587 730 3642 est;
755 3577 971 3646 presbyterorum
989 3577 1099 3628 canities
1121 3585 1149 3627 et
1168 3576 1228 3626 dia-

134 3663 263 3698 conorum
283 3649 395 3716 gravitas
414 3649 531 3698 omnium
548 3650 673 3699 irrisione
695 3649 849 3700 laeduntur.
884 3666 919 3700 an
936 3663 992 3700 non
1010 3649 1064 3698 vita
1079 3647 1227 3699 iniucunda

136 3726 165 3770 et
182 3717 287 3780 acerba,
307 3719 450 3787 minusque
471 3729 511 3770 est
530 3719 609 3770 nobis
622 3720 705 3771 emori
724 3737 803 3788 quam
818 3721 916 3780 sisere,
936 3727 977 3770 tot
997 3717 1064 3769 diris
1083 3717 1225 3769 doloribus

135 3788 261 3874 ‹puotislie
281 3788 434 3857 oppressis?
477 3807 562 3851 saue,
580 3789 650 3840 idem
677 3798 760 3860 atque
780 3807 829 3858 ego
855 3787 975 3842 sentient
993 3789 1041 3856 qui
1060 3789 1176 3856 compati
1198 3790 1226 3840 in

134 3858 268 3911 similibus
296 3859 423 3911 assolent.
471 3861 578 3928 saepius
605 3861 697 3929 itaque
723 3877 824 3911 mecum
848 3860 905 3929 ipse
931 3854 1091 3910 addubitavi
1117 3857 1226 3928 quade

135 3945 215 3982 sauss
236 3928 301 3980 haec
325 3929 403 3980 nobis
428 3927 588 3982 obvenerint
617 3940 645 3981 et
665 3947 717 4002 qua
738 3932 843 3982 rationo
869 3931 896 3980 in
916 3937 990 3980 tanta
1010 3931 1079 3980 suala
1099 3930 1226 3980 incideri-

134 4018 209 4064 mus;
229 3999 375 4069 invenique
398 3999 561 4052 dubitationi
593 4019 667 4052 aneae
686 4003 751 4052 satis
772 4002 827 4052 fieri
854 4019 869 4051 a
890 3999 982 4052 diuino
1004 4001 1124 4071 eloquio,
1139 3997 1225 4052 “erit’'

135 4071 244 4123 (licente
259 4067 349 4121 “terre
370 4079 458 4122 vestra
477 4070 582 4123 deserta
603 4081 631 4122 et
649 4073 731 4122 villae
751 4080 855 4123 vestrae
874 4069 1006 4136 desertae,
1027 4073 1155 4140 quioniam
1179 4087 1225 4120 uos

135 4141 320 4192 ambulavistis
345 4139 380 4192 ad
406 4157 449 4192 me
477 4141 599 4210 obliqui,
634 4151 662 4194 et
680 4159 729 4208 ego
746 4140 891 4193 ambulabo
917 4141 949 4192 ad
969 4160 1015 4194 eos
1034 4143 1062 4194 in
1087 4139 1226 4192 iracundia

136 4211 275 4284 obliqua.’'
312 4209 376 4264 binc
390 4213 468 4286 plura
487 4211 593 4266 dicendi
607 4213 687 4266 linem
705 4214 807 4266 iaciens
825 4211 962 4266 silentium
980 4213 1112 4284 praefero.
1149 4227 1226 4264 nam-
