3018 4928
472 303 548 364 un.
569 305 623 364 ιν.
654 303 744 370 car.
765 306 806 364 u.
1110 275 1195 400 325

101 443 276 534 crisienr'p,
298 443 379 530 πλην
406 445 463 511 οὐκ
487 445 624 531 ἶσχυσαν
645 433 842 534 παροερῠναε
864 447 918 514 τὸν
938 451 1037 518 dorisco
1058 453 1198 536 συνθρα·

97 553 178 626 μεῖν
197 549 239 630 τῷ
260 551 394 626 βασιλεῖ.

189 641 260 708 Καί
279 643 296 728 ἦ
318 643 466 730 ἐκκλησία
489 649 544 730 τῆς
562 644 685 730 Ῥώμης
698 648 774 728 περί
792 643 906 712 τούτου
929 645 1118 735 ἐφρόντισεν.
1143 649 1197 714 ου’-

96 746 253 826 ρεθὲντος
281 741 420 827 ydonei
442 747 654 830 καρδηναλίου
674 743 828 820 Ῥωσσίας
854 749 899 822 εἰς
921 745 979 832 την
1000 750 1093 812 πόλιν
1101 798 1111 828 ,
1144 749 1199 814 καί

67 841 163 926 birci
186 846 264 926 περί
280 840 393 908 τούτου
419 843 610 925 μεσιτεύσας
641 843 721 926 πρὸς
742 841 797 907 τὸν
815 845 960 927 ἀοίδιμον
983 851 1039 912 καί
1057 853 1197 928 μακαρί-

94 967 154 1025 την
175 939 233 1006 τὸν
253 937 411 1028 ου’θέντην
430 966 494 1023 μου
525 941 581 1008 τὸν
599 946 753 1026 βασιλέα,
784 945 836 1009 ἵνα
855 948 982 1029 γένηται
1003 941 1057 1010 ὅδε
1078 949 1198 1029 ναρθη-

93 1039 192 1116 νρὶλις
213 1039 416 1126 πατριάρχης
439 1043 838 1133 Κωνσταντινουπείλεως·Ι
876 1049 931 1112 καί
948 1047 979 1110 εἰ
995 1047 1135 1129 γένηται,
1155 1044 1196 1109 τὰ

93 1137 156 1204 κατ’
178 1137 218 1204 rai
249 1136 432 1224 γενήσονται
464 1145 539 1225 παρ’
572 1142 678 1208 edroi
703 1141 835 1208 καὶτοῦ
854 1143 923 1210 τότε
944 1144 1034 1208 πάντα
1054 1146 1100 1220 είς
1120 1141 1197 1226 βοη-

93 1243 198 1304 error
221 1241 275 1324 τῆς
295 1238 431 1320 πόλεως,
453 1243 484 1305 εἰ
501 1235 561 1306 κείν
582 1245 616 1305 ἐκ
636 1244 789 1324 δευτέρου
810 1248 1014 1331 μνημονευθῇ
1034 1239 1051 1306 ὃ
1075 1239 1193 1318 πάντας·

50 1335 154 1402 ronne*
173 1341 299 1402 πολλῶν
311 1336 514 1423 συζητησεων
528 1340 629 1422 λόγων
650 1343 707 1406 καί
723 1345 840 1425 βουλῆς
858 1345 1033 1424 γενομένων
1047 1340 1132 1420 ἔδοξε
1154 1344 1198 1430 τῷ

91 1437 236 1524 αόεδίμηο
266 1443 396 1520 βασιλεῖ
411 1441 454 1527 rigi
484 1439 621 1527 αὖθὲντη
645 1462 709 1521 μου
734 1439 769 1506 τὸ
791 1445 825 1506 ἓν
846 1445 908 1506 τῶν
934 1439 991 1508 do'o
1010 1439 1055 1526 μη
1076 1444 1196 1523 γένοιτο

90 1540 270 1618 παντελῶς,
290 1531 338 1600 ὅτε
352 1541 395 1625 τῷ
413 1541 568 1625 γενομένῳ
584 1538 765 1624 πατριάρχη
788 1533 905 1623 α’νοὶγκη
922 1534 961 1624 ἦν
981 1533 1001 1624 ἢ
1023 1543 1195 1604 πείθεσθαι

91 1635 186 1722 αὐτῷ
220 1633 296 1710 τούς
324 1634 464 1716 πάντας,
489 1631 509 1720 η’
537 1635 606 1718 ’ἔρις
627 1640 682 1702 καί
703 1635 807 1720 ε”χθρα
827 1637 991 1723 γενήσεται
1014 1636 1193 1720 α’ναμεταξύ

91 1735 199 1798 aoros)
231 1737 288 1798 καί
306 1735 411 1800 αὐτῶν
439 1736 502 1800 τοῖν
522 1733 566 1820 μη
590 1739 787 1817 πειθομένων
816 1739 912 1824 ον’τῷ.
953 1735 1009 1802 καί
1030 1739 1065 1802 ἐν
1085 1735 1192 1822 ἐκείνῳ

46 1833 151 1897 rbroai
173 1834 289 1915 καιροῦ
322 1836 463 1921 διαμέσῳ
493 1837 523 1900 εἰ
542 1834 598 1898 καί
625 1839 735 1922 συμβῇ
755 1835 831 1918 ἡμῖν
850 1834 941 1922 μα’χη
962 1833 1080 1916 ἔξωθεν
1104 1832 1192 1916 παρὰ

89 1933 157 1996 τοῖν
178 1933 317 2016 ἐχθροῖν,
339 1932 394 1996 καί
414 1930 499 2014 ἔχειν
513 1933 595 2016 ἡμᾶς
617 1933 670 1999 καί
682 1933 812 2016 ἔσωθεν,
834 1931 932 1998 πόσον
953 1933 1058 1999 ἔσεται
1074 1931 1191 2014 νακόνς

89 2029 126 2094 τὸ
150 2033 189 2095 δὲ
208 2028 463 2115 μνημονεύεσθαι
478 2029 535 2095 τὸν
548 2031 657 2096 ποὶπαν
675 2033 839 2116 γενηθήτω
860 2033 962 2098 ἕνεκεν
975 2035 1100 2106 ἐλπίδος
1114 2035 1191 2115 βοη-

89 2132 188 2204 θείας
210 2132 245 2194 a'u
265 2135 302 2218 τῇ
322 2128 442 2218 α’νοὶγκη
464 2132 575 2213 ἡμῶν·
619 2131 673 2196 καί
696 2125 767 2196 ὅσοι
788 2137 880 2196 τοῦτο
903 2129 1078 2214 ποιήσωσιν
1099 2132 1133 2194 ἐν
1153 2131 1191 2215 τῇ

88 2225 166 2315 ἇγίρε
186 2227 303 2315 Σοφίᾳ,
327 2223 465 2294 viritior
491 2227 618 2294 ἔσονται
637 2229 773 2295 ἀναίτιοι
794 2230 849 2294 καί
868 2234 1026 2316 εἰρηνικοί.

45 2347 80 2390 no
177 2331 253 2393 Καί
270 2333 309 2416 τῇ
338 2323 378 2411 ιβ
402 2331 458 2394 rori
477 2333 675 2415 Δεκεμβρίου
696 2333 921 2412 παρελθόντων
942 2334 975 2407 ἓξ
994 2333 1111 2413 μηνοῖν,
1132 2330 1189 2392 καί

88 2422 247 2492 τοσούτου
281 2426 377 2509 λόγου
405 2431 573 2509 γενομένου
609 2429 685 2510 περί
701 2432 851 2511 βοηθείας
883 2423 958 2492 ὅσον
978 2423 1187 2510 ἐποιησατοὸ

87 2523 267 2601 nondecim
287 2527 346 2589 τοῦ
365 2521 493 2612 Κάερος
511 2520 578 2611 ἦτοι
599 2527 654 2611 τῆς
673 2525 852 2611 Αἰγύπτου.
894 2525 955 2591 α’πὸ
978 2529 1013 2592 de
1034 2528 1088 2611 τῆς
1108 2527 1186 2610 Σερ-

160 2743 206 2779 no.
227 2727 259 2799 τῇ
276 2723 298 2795 β
318 2725 338 2778 Ρ
407 2741 450 2778 ar.
463 2725 556 2783 ἕνεκεν
576 2726 596 2778 Ρ

88 2913 149 2948 rom
169 2893 251 2946 rebar
271 2893 384 2946 allatum
402 2895 451 2956 iri,
472 2913 528 2948 non
554 2904 682 2966 poterant
700 2903 792 2950 tamen
809 2895 871 2949 duci
891 2893 1064 2967 persuadere,
1084 2901 1115 2946 ut
1132 2893 1185 2946 im·

87 2966 212 3038 peratori
231 2973 406 3016 succurreret.

161 3037 251 3090 Etiam
278 3035 409 3088 ecciesiae
427 3037 560 3088 Romanae
590 3036 656 3090 haec
680 3051 723 3088 res
752 3053 831 3088 curae
850 3043 915 3088 erat.
961 3052 1044 3106 quum
1063 3033 1134 3085 enim
1154 3036 1184 3088 in

89 3107 159 3160 urbe
184 3106 293 3158 adesset
321 3105 466 3158 cardinalis
494 3109 616 3170 Rosciae,
640 3115 668 3160 et
693 3123 743 3176 ego
761 3107 872 3176 egissem
900 3123 960 3157 cunr
982 3101 1136 3158 venerando
1156 3113 1184 3156 et

89 3177 190 3231 besue
209 3179 357 3230 memoriae
375 3179 553 3245 imperatore,
584 3177 695 3230 domiuo
714 3193 788 3241 meo,
817 3186 846 3229 ut
865 3179 887 3228 is
906 3175 1051 3228 cardinalis
1069 3177 1184 3244 patriar-

90 3249 141 3300 cba
161 3249 255 3318 Cpolis
272 3247 359 3310 fieret,
379 3245 452 3300 unde
479 3249 599 3300 futurum
619 3257 707 3312 esset,
733 3257 764 3300 ut
789 3247 822 3298 ab
845 3249 903 3318 ipso
924 3255 952 3299 et
967 3263 1037 3316 papa
1055 3244 1183 3296 nonnihil

90 3319 171 3372 fieret
191 3319 226 3372 ad
257 3317 351 3370 urbem
371 3318 566 3382 adiuvandam,
590 3321 613 3370 ei
646 3337 735 3371 rursus
760 3335 845 3388 papae
864 3319 965 3370 mentio
984 3318 1070 3378 tieret,
1089 3314 1183 3366 multis

90 3389 263 3444 sermonibus
284 3398 312 3441 et
332 3389 576 3442 consultationibus
593 3387 709 3452 habitis,
726 3389 896 3457 imperatori,
920 3388 1030 3440 domino
1052 3403 1122 3446 meo,
1140 3387 1182 3436 ai-

90 3477 148 3511 sunr
173 3469 230 3520 est,
260 3467 387 3512 neutrum
412 3477 524 3526 eoram,
548 3476 619 3530 quae
648 3469 823 3512 consecutura
850 3467 957 3519 essent,
984 3457 1043 3508 fieri
1066 3455 1182 3517 debere,

91 3531 314 3602 quandoquidem
335 3539 445 3582 necesse
475 3539 558 3593 esset,
583 3539 614 3582 ut
640 3539 687 3583 aut
706 3528 874 3600 patriarchae
901 3544 994 3580 omnes
1019 3526 1182 3590 obedirent,

90 3610 139 3654 aot
166 3601 230 3654 lites
257 3610 285 3652 et
309 3601 467 3654 inimicitiae
502 3603 573 3653 inter
600 3603 687 3671 ipsum
718 3609 747 3652 et
771 3617 836 3662 eos,
867 3600 913 3670 qui
942 3615 998 3650 non
1023 3595 1181 3660 obedirent,

89 3671 237 3724 orirentur.
273 3673 375 3724 interea
408 3673 431 3724 si
448 3671 527 3724 nobie
557 3672 622 3724 ioris
641 3671 743 3723 bellum
769 3673 914 3722 inferretur
942 3667 1129 3731 choortibus,
1155 3675 1183 3718 et

90 3741 309 3794 conflictaremur
327 3744 409 3794 etism
430 3741 503 3794 domi
522 3741 654 3807 dissidiis,
675 3751 775 3812 quanta
795 3741 865 3792 raaia
885 3739 974 3791 sutura
993 3737 1101 3791 esseut?
1130 3755 1181 3806 pa-

89 3827 142 3880 pae
162 3819 253 3864 tamen
276 3814 403 3865 memoria
429 3814 507 3865 fieret
525 3821 636 3884 propter
663 3829 737 3880 spem
762 3811 856 3862 auxilii
887 3812 915 3862 iu
941 3809 991 3860 bac
1010 3809 1179 3860 necessitate.

90 3881 165 3950 quod
184 3883 234 3952 qui
253 3883 389 3946 iacerent,
418 3884 446 3934 in
468 3892 577 3936 sanctae
601 3883 720 3953 Sophiae
747 3881 849 3952 templo
869 3881 1005 3932 iacerent:
1026 3879 1126 3950 reliqui
1145 3895 1181 3931 ne

89 3961 282 4006 accusarentur
299 3971 352 4006 nea
371 3953 554 4006 turbarentur.

161 4023 213 4074 Die
240 4039 267 4074 ιε
285 4024 450 4086 Decembris,
469 4042 552 4096 quarn
572 4041 620 4076 sex
637 4039 742 4076 inensee
766 4021 966 4092 praeterissent,
989 4027 1018 4072 et
1039 4025 1081 4072 tot
1099 4017 1181 4070 verba

92 4101 183 4144 essent
202 4094 273 4146 sacta
292 4094 326 4148 de
353 4095 473 4157 airriiio,
491 4103 559 4165 quot
578 4095 642 4146 iecit
660 4095 783 4146 soltanus
801 4093 871 4144 Caici
891 4093 947 4143 siae
968 4091 1041 4159 Aegy
1062 4089 1097 4152 ti,
1119 4097 1147 4141 et
1164 4105 1181 4140 a

91 4161 184 4216 Servio
203 4173 294 4232 possut
312 4166 425 4236 periurio
445 4166 549 4218 occulte
566 4165 659 4219 multis
677 4164 778 4230 modis,
803 4163 925 4216 homiues
945 4163 1009 4216 item
1028 4109 1082 4212 dio
1095 4157 1181 4212 ruodo
