3050 4932
216 313 272 376 oe
290 308 656 380 msssttonsunror
684 317 850 384 exuuio
865 317 1092 386 usnemu.
1125 291 1209 380 525

114 463 203 547 ysaie,
212 453 312 542 οἶμαι,
321 457 440 526 ταῦθίλ
451 458 630 550 Μουράτης
640 467 859 548 ἐσκέψατοκαί
869 462 1052 534 τοόθόότω
1062 472 1208 553 γενέσθαι

108 563 321 645 προσέταξεν,
340 563 379 626 ἵν’
402 558 580 646 αόφάλειαν
600 563 619 648 ἦ
641 562 733 642 πόλις
755 564 812 654 ἔχη
839 573 893 632 καί
911 567 1059 654 φυλακην
1079 573 1207 654 α’κριβε-
1256 575 1261 588 ’

113 659 230 746 στέραν
248 663 283 726 ἐκ
302 657 428 742 τούτου,
451 659 607 742 παράλιος
627 656 709 728 urica
728 668 783 730 καί
800 664 855 732 διό
868 671 962 732 τοῦτο
983 666 1116 753 δεομένη
1128 675 1205 734 τισλ-

112 765 179 827 λῶν
197 756 409 842 ἐνοικούντων,
431 760 486 824 κατ’
504 764 555 826 ἵνα
575 761 632 846 τήν
651 761 773 849 ἀγοράν
795 764 982 850 πλήθουσαν
1002 761 1122 849 ἔχουσα
1143 769 1206 834 τοῖν

83 857 387 934 seriosissimus
413 861 459 934 εἰς
486 851 586 944 osiris
615 862 880 944 εἰσκομιζομένων
895 863 1018 942 πάντας
1035 865 1108 954 ἕλκη
1125 873 1202 952 παρ’

110 956 221 1049 ἑαυτῇ,
244 961 466 1042 πραγματειῶν
479 960 535 1024 καί
545 961 813 1052 συναλλαγμάτων
826 963 974 1030 ἁπάντων
986 967 1200 1048 μεταδιδοῦσα
1207 977 1260 1034 368

112 1067 179 1136 τοῖς
198 1056 353 1146 χρῄζουσι
376 1059 431 1120 καί
450 1051 567 1142 inuris
587 1056 708 1148 ῥηιδίως
726 1063 950 1142 πλουτιζονοα.

194 1153 256 1221 κε’.
303 1153 427 1222 Τούτων
454 1149 516 1220 σόν
546 1152 631 1222 orirer
659 1157 860 1244 προβάυτων,
890 1161 946 1227 καὶ
963 1165 1028 1228 τοῖν
1052 1160 1203 1248 Τοάρκων
1306 1160 1310 1169 ’

110 1259 157 1332 εἰς
166 1258 291 1338 χιλιλιυς
306 1253 551 1338 ἀριθμουμένων
560 1253 619 1340 την
635 1256 723 1326 πόλιν
735 1257 980 1347 κατειληφότων,
1000 1265 1056 1328 καί
1074 1263 1202 1329 πάντων

65 1356 214 1430 molseon
234 1355 290 1418 καί
313 1352 411 1430 saurir
441 1356 516 1420 sieri
543 1356 651 1424 σι’κιιόν
681 1355 878 1444 εἰληφότων,
909 1363 965 1426 καὶ
984 1361 1101 1442 α’ναμόξ
1117 1362 1200 1428 κατά

111 1459 219 1521 πᾶσαν
238 1451 294 1540 τὴν
311 1452 405 1518 πόλιν
426 1451 588 1536 λαχόντων
607 1453 667 1539 τὴν
685 1455 825 1541 οἴκησιν,
851 1456 871 1544 ἦ
892 1456 983 1535 πόλις
1003 1456 1107 1544 οἵσπερ
1128 1464 1199 1528 τινά

108 1551 251 1640 πενθηρη
269 1553 390 1636 χιτῶνα
403 1549 460 1638 την
474 1552 852 1640 άκοσμιλινπεριεβάλετσ,
873 1561 928 1642 τῆς
949 1553 1201 1645 εόιιρεπειας,ἧς

109 1647 149 1718 όν
161 1651 254 1737 ἔτυχε
268 1656 323 1738 τῆς
342 1655 440 1736 κακῆς
452 1656 636 1737 συμβουλῆς
646 1653 693 1738 μὴ
705 1651 816 1742 χώραν
827 1651 989 1741 τάροόσης,
1003 1661 1201 1746 ἀφῃρημένη,

35 1811 37 1816 .
109 1752 164 1818 κατ’
185 1753 239 1819 τόν
250 1746 431 1834 οτολισμόν,
447 1749 484 1816 όν
498 1751 554 1816 orie
569 1755 615 1830 εἰς
626 1754 755 1836 μακράν
774 1751 867 1838 ἔσχεν
883 1748 931 1838 άν,
943 1760 1108 1840 δυστυχεῖς
1120 1752 1202 1842 άγαν

63 1853 328 1935 τὸάιιοβαλοόσα,
351 1854 408 1916 καί
427 1853 581 1918 στένουσα
602 1844 669 1918 οἷον
686 1855 757 1934 μετ’
776 1855 915 1940 οἰμωγῆς
935 1849 987 1922 ότι
1006 1855 1050 1940 μή
1071 1857 1202 1940 σεισμός

109 1949 230 2036 ταύτην
259 1953 438 2033 συνέχωσεν
466 1945 489 2034 ἢ
509 1953 573 2034 πάρ
601 1948 832 2036 παρανάλωσεν
849 1947 872 2038 ἢ
891 1947 979 2036 ὕδωρ
1002 1956 1159 2022 ἀναδοθὲν
1179 1949 1202 2041 ἢ
1241 2029 1244 2038 ¹

109 2051 281 2136 sepsisiiiss
295 2048 392 2135 ῥαγὲν
405 2047 607 2132 συνεκάλυψε
622 2053 677 2115 sni
695 2053 879 2118 κατέκλυσε·
919 2058 1010 2120 τοῦτο
1037 2055 1098 2140 γάρ’
1128 2057 1201 2122 uiue-

107 2147 357 2234 radesponensi
378 2151 429 2214 τοι’
445 2171 481 2232 γε
505 2150 628 2230 βέλτιον
652 2152 711 2216 τοῦ
736 2151 884 2236 τοισότην
903 2147 1045 2236 όράσθαι
1072 2151 1108 2220 τό
1126 2157 1201 2240 μηδ’

107 2247 255 2314 ὁπωσοῦν
274 2247 329 2314 ε’πί
346 2251 402 2333 γῆς
430 2245 567 2314 ἑστάναι.
624 2245 735 2330 οἱμὲν
756 2242 813 2314 οὖν
844 2253 908 2315 τῶν
925 2248 1020 2336 ἱερῶν
1043 2250 1136 2318 οἴκτων
1155 2256 1202 2330 εἰς

57 2347 197 2415 τοκοινά
218 2345 399 2430 καταγάγια
427 2352 720 2432 μετημείφθεισαν,
741 2344 846 2434 ὥσπερ
869 2348 1067 2434 εἰρήκειμεν,
1088 2353 1145 2418 καλ
1162 2353 1200 2418 τό

107 2447 300 2532 προφητικὸν
322 2448 430 2528 εἰπεῖν,
451 2448 486 2512 ἐν
502 2451 625 2512 πελέκει
638 2445 693 2512 xus*
709 2450 900 2536 λαξευτηριλρ
919 2447 960 2514 τά
981 2449 1200 2534 θυσιαστήρια

105 2549 163 2610 τοῦ
184 2551 264 2612 θεοῦ·
294 2551 545 2632 καταβέβληντο·
595 2543 625 2610 οἱ
655 2549 691 2613 δὲ
711 2547 850 2629 λείψανα
876 2549 974 2631 μόνον
993 2551 1051 2614 τοῦ
1072 2547 1199 2634 πρώτου

104 2644 240 2724 κάλλους
272 2646 377 2712 αότιόν
395 2645 453 2711 sui
477 2650 534 2730 τῆς
556 2649 677 2724 θέσεως
705 2646 938 2726 οἷποσάζουσιν.
978 2645 1057 2714 ἔνιοι
1078 2651 1123 2733 ris',
1145 2654 1201 2715 καί
1289 2653 1291 2660 ’

106 2858 204 2920 iuerat,
224 2853 395 2908 dediderunt.
433 2855 513 2908 umbo
531 2855 598 2908 haec
617 2857 720 2928 itaque,
738 2865 770 2910 ut
787 2858 894 2926 opinor,
914 2855 1033 2910 Murates
1051 2856 1197 2912 meditatus

105 2937 148 2982 est
167 2927 251 2980 etita
269 2925 328 2978 fieri
347 2925 432 2987 iussit,
450 2935 507 2978 tum
526 2936 556 2980 ut
573 2929 718 2980 securitate
737 2936 766 2979 et
786 2927 908 2980 custodia
927 2929 1009 2996 magis
1028 2927 1082 2978 iida
1103 2927 1197 2984 urbem

103 2997 284 3052 communiret
301 2995 462 3048 maritimam
482 2996 601 3066 ideoque
621 2998 715 3050 multis
742 2997 867 3065 sg'sntem
891 2998 1111 3060 habitatoribus,
1140 3008 1197 3054 tuns

104 3079 137 3124 ut
155 3071 215 3122 iuro
233 3068 354 3120 omnium
372 3083 460 3120 rerum
478 3066 646 3122 abundantio
663 3068 878 3131 circumfurenti,
896 3068 1037 3120 venalibus
1053 3069 1197 3138 undequa-

103 3157 159 3211 que
175 3139 326 3200 consectis,
345 3153 438 3192 ornnes
455 3137 519 3190 urbs
537 3138 574 3190 ad
598 3137 775 3200 retraheret,
794 3148 823 3192 et
840 3140 998 3191 mercaturis
1015 3142 1197 3192 commerciis-

103 3229 159 3282 que
180 3211 297 3262 diversas
320 3210 446 3263 nationes
471 3209 627 3279 indigentes
653 3212 829 3265 commiscens
852 3225 886 3262 sa
903 3209 979 3262 incili
996 3211 1056 3280 ipsa
1074 3211 1196 3264 culiocu.

101 3283 209 3354 pictate
226 3281 379 3334 ditesceret.

173 3367 219 3404 ar.
253 3352 302 3405 liis
320 3353 415 3422 itaque
443 3347 496 3402 hoc
524 3349 607 3402 modo
633 3351 761 3419 digestis,
786 3367 847 3404 eum
863 3351 966 3404 Turcae
983 3351 1061 3404 mille
1079 3369 1193 3404 numero

102 3421 241 3476 civitatens
274 3429 451 3492 occupassent
484 3427 514 3474 et
546 3422 666 3474 omniurn
693 3421 787 3476 domos
815 3439 846 3474 as
871 3423 974 3491 templs
1000 3439 1050 3491 pro
1082 3421 1196 3475 habita-

100 3497 181 3548 tione
200 3494 378 3564 accepissent,
404 3507 455 3544 neo
476 3509 533 3544 uon
556 3494 708 3612 promiscue
730 3509 780 3562 per
801 3493 952 3545 universam
976 3492 1071 3546 urbem
1099 3491 1192 3548 aedera

101 3567 246 3626 Ιοετιιοιιῑ,
265 3565 366 3627 civitas,
385 3563 470 3616 veluti
491 3563 555 3630 lugu
577 3563 600 3614 ri
615 3563 723 3628 amictu,
742 3563 903 3616 confusione
918 3571 1000 3633 etque
1019 3563 1192 3616 immunditia

101 3635 302 3688 circumvestita
319 3645 376 3698 est,
393 3651 443 3686 suo
466 3633 581 3694 decore,
608 3651 688 3704 quesn
705 3635 745 3686 uti
767 3651 802 3686 ue
820 3641 965 3686 consecute
983 3633 1078 3686 fuisset
1095 3635 1117 3686 si
1136 3652 1194 3688 ma·

101 3707 160 3758 iuna
180 3706 324 3760 consilium
345 3707 434 3756 locum
454 3722 511 3758 non
527 3703 682 3768 habuisset,
709 3651 842 3774 τρόλίτττ,
863 3713 891 3756 et
908 3712 1015 3766 ornatu,
1037 3721 1118 3774 quens
1136 3723 1194 3762 uon

100 3779 190 3830 multo
220 3785 283 3846 post
300 3775 478 3847 possedisset,
503 3775 612 3844 orbpts,
638 3783 667 3828 et
690 3792 745 3828 non
765 3775 824 3828 sine
842 3775 943 3845 gemitu
962 3775 1097 3844 suspirans
1117 3778 1193 3848 quod

101 3857 151 3902 aut
167 3857 257 3900 terres
284 3856 374 3900 anetus
400 3864 457 3900 non
478 3845 679 3929 absorbuerit,
695 3854 743 3898 aut
763 3845 832 3914 ignis
856 3863 913 3898 nou
938 3844 1126 3915 absumpserit,
1144 3855 1193 3902 aut

102 3914 1193 4058 titttitit?‘sititistiitiiiiii?iitttttittztii„it

102 4077 164 4112 aum
182 4075 316 4128 nusquam
345 4067 449 4112 castere
477 4075 557 4180 φιοιυ
576 4059 629 4110 isoo
646 4058 727 4110 morio
744 4058 814 4110 visui
832 4057 972 4110 hominum
989 4058 1082 4112 obiici.
1117 4075 1192 4112 secra

102 4133 187 4200 igitur
205 4131 306 4199 templa
318 4130 345 4181 in
356 4129 467 4198 publica
500 4129 624 4182 ireraoria
634 4129 775 4182 immutata
788 4139 860 4191 sunt,
879 4137 910 4180 ut
925 4139 1125 4198 praenerrstum
1140 4137 1190 4192 est,

101 4211 132 4254 et
153 4210 184 4254 nt
202 4217 263 4254 cum
282 4199 415 4292 propheta
433 4201 538 4273 loquar,
555 4199 585 4254 in
599 4201 685 4254 securi
704 4207 732 4254 et
749 4201 821 4254 eseia
838 4199 883 4254 slei
899 4201 1087 4273 propitiatoria
1105 4198 1189 4254 disie-
