3062 4920
337 307 390 396 82
651 332 823 399 ououou
854 329 1097 398 nuuummu

335 507 430 554 σατο·
471 482 596 560 orosius
618 475 718 559 εάδδς
739 482 783 559 ώς
802 483 837 552 ἐκ
859 481 1032 567 προσώπου
1051 479 1109 546 τοῦ
1128 477 1249 562 πατρός
1269 499 1416 561 προσεκα-

334 589 469 665 λέσατο,
490 575 582 658 οὗτος
602 585 638 648 δὲ
658 581 700 666 μη
715 583 809 656 εἰδώς
829 578 868 645 τά
890 578 1042 664 γενόμενα
1057 581 1091 644 ἐν
1112 578 1227 667 α’κακόρ
1248 576 1350 642 ἐλθών
1368 579 1420 643 καί
1466 657 1468 664 Α

334 681 483 758 πιαοδεδς
503 683 557 747 ὑπ’
581 683 678 747 αὐτοῦ
697 679 870 764 α’πεπνίχη,
902 678 958 744 κατ’
985 675 1087 756 οάτσος
1107 678 1288 762 α’μερίμνυς
1308 679 1418 761 διῆγεν.

334 781 379 859 ώς
402 785 438 849 δὲ
461 781 498 848 τό
518 779 577 866 ἔαρ
599 775 716 865 ἤγγικε,
743 777 847 845 πάντα
863 778 918 844 τόν
937 775 1073 862 στρατόν
1092 773 1192 843 αὑτοῦ
1208 776 1419 863 συναθροίσας

334 881 391 948 καὶ
408 885 443 948 ἐν
466 885 507 969 τῇ
537 880 626 970 Ἀσάρ
647 877 810 965 περάσας,
842 881 888 954 εἷς
909 877 965 961 τὴν
986 875 1154 961 Ἀρμενίαν
1177 872 1301 957 ἐλθών,
1331 879 1443 944 πολε-5

332 979 440 1068 μησας
453 983 560 1047 πᾶσαν
578 982 740 1064 ἐκυρίευσε
762 978 817 1043 καί
829 975 903 1054 τούς
916 976 1066 1060 Κολχούς
1078 973 1277 1059 δτροπώσατο
1295 973 1348 1040 καὶ
1366 971 1421 1057 τὴν

323 1073 503 1164 Ἀμαστριν
522 1079 578 1144 καὶ
597 1077 652 1145 τόν
673 1079 802 1163 άμηράν
823 1079 924 1161 ου’τῆς
943 1073 998 1142 τόν
1017 1081 1123 1142 Δῖνον.
1166 1070 1236 1140 εἶτα
1258 1071 1421 1157 στρατεύει

332 1179 414 1246 κατὰ
434 1183 494 1246 τοῦ
514 1181 624 1264 α’μηριῖ
653 1177 840 1262 Σαρκάνσυ,
868 1180 941 1264 νικᾷ
961 1171 1059 1242 ου’τάν
1077 1199 1111 1240 τε
1137 1177 1194 1240 κατ’
1221 1171 1278 1238 τόν
1299 1173 1422 1256 α’μηριῖν

332 1281 477 1356 Mardis.
519 1279 579 1344 rosi
601 1281 637 1344 di
661 1275 867 1364 φθινοπώρου
892 1273 1096 1354 ἐπιστάντος,
1116 1277 1175 1338 rosi
1195 1276 1353 1356 χειμώνος
1372 1273 1422 1336 e’l·

331 1377 401 1443 δών
421 1373 503 1442 κατά
523 1379 582 1442 τοῦ
604 1373 719 1459 Θεχόει
738 1375 849 1458 ώμηροῑ
877 1378 935 1439 καί
953 1375 1131 1457 Malieon,
1155 1371 1288 1456 νικήσας
1307 1367 1463 1445 ου’τοόςιο

331 1477 387 1542 καί
418 1478 533 1555 διώξας
553 1475 608 1541 κατ’
632 1472 742 1556 κόριος
761 1477 818 1559 τῆς
838 1475 944 1538 ου’τών
971 1475 1076 1558 α’ρχῆς
1100 1469 1204 1558 πάσης
1225 1475 1347 1557 ἐγένετο
1372 1471 1424 1534 καί

329 1573 386 1651 τάς
404 1585 557 1658 γυναῖκας
579 1576 636 1640 καὶ
653 1576 748 1638 τέκνα
768 1573 874 1638 σάτών
891 1571 1120 1660 ᾐχμαλώτισεν.
1162 1565 1229 1636 εἶτα
1249 1572 1284 1636 ἐν
1303 1575 1342 1656 τῇ
1361 1569 1425 1636 Esi-

331 1675 422 1762 ρώπη
443 1665 541 1751 αὖθις
560 1677 755 1759 ἐπιστρέψας
774 1669 977 1756 ἐκστρατεάει
997 1669 1076 1738 κατά
1097 1675 1158 1736 τών
1181 1672 1350 1756 Οώγγρών,
1373 1672 1425 1733 καὶ

332 1768 419 1852 άπαξ
445 1775 500 1840 καὶ
529 1775 579 1850 δός
611 1769 733 1848 adrosis*
758 1773 900 1856 ἐνίκησε,
928 1769 985 1836 καί
1007 1776 1062 1855 τῆς
1091 1772 1301 1856 Ἀλβανητίας
1332 1772 1427 1852 μέρος

332 1871 501 1941 ἐδούλευσε.
540 1872 598 1939 κατ’
617 1873 697 1938 κατά
719 1875 779 1938 τοῦ
798 1871 932 1951 Μιλτζα
953 1874 1013 1936 τοῦ
1033 1873 1089 1956 τῆς
1106 1873 1254 1954 Βλαχίας
1275 1863 1467 1956 άρχοντοςι5

331 1974 514 2060 στρατεύει,
535 1970 635 2038 πολόν
655 1995 688 2037 τε
707 1969 801 2037 τόπον
829 1973 1008 2056 ζημιώσας,
1031 1965 1101 2037 εἶτα
1125 1970 1142 2035 ά
1165 1973 1314 2051 Μίλτζας
1333 1963 1427 2056 ἦλθεν

330 2075 377 2148 εἰς
397 2071 507 2159 μάχην
529 2069 673 2159 φανεράν
694 2071 729 2138 ἒν
748 2097 809 2138 τινι
835 2072 919 2160 τόπρι
941 2070 1101 2160 δυσκόλῳ,
1123 2069 1141 2135 n‘
1167 2071 1297 2156 οἷμηράς
1317 2072 1353 2136 δὲ
1373 2092 1428 2150 με·

331 2173 478 2237 δοδεόων
494 2168 531 2236 τό
552 2175 609 2237 sori
629 2170 728 2236 τόπου
754 2169 923 2256 α’τόχημα,
943 2169 1000 2256 την
1019 2171 1127 2255 μάχην
1150 2168 1337 2236 καταλιπών
1360 2171 1429 2233 siss-

329 2268 488 2355 χώρησεν.
544 2265 677 2354 ὕστερον
704 2273 751 2346 εἰς
779 2269 958 2353 συμβάσεις
985 2267 1150 2352 ἐλθόντες,
1170 2273 1260 2347 τέλος
1281 2262 1427 2348 ἕταξενό

337 2371 482 2447 Melaina
503 2367 627 2433 διδόναι
645 2363 743 2457 drisci,
760 2372 816 2434 seul
833 2369 1029 2452 εἰρήνευσαν,
1048 2371 1104 2434 καὶ
1124 2372 1160 2433 εἰι
1178 2371 1242 2434 τών
1263 2371 1471 2436 §enuclea-no

334 2471 479 2554 φδὲιτιον
499 2471 554 2550 τῆς
567 2467 771 2553 Βουλγαριάς
791 2465 846 2531 κατ’
858 2466 995 2550 Σερβίας
1015 2465 1116 2533 notris
1135 2468 1229 2534 τόπον
1248 2465 1356 2553 ἔλαβε.
1379 2471 1432 2534 κατ’

332 2563 415 2647 μετά
436 2569 494 2631 τοῦ
513 2567 670 2649 βασιλέως
690 2570 745 2652 τῆς
759 2569 940 2653 Γερμανίας
951 2567 1163 2652 Σιγισμόνδοο
1180 2568 1320 2651 πόλεμον
1341 2568 1433 2655 ποιη·

406 2766 432 2820 7·
448 2750 579 2808 ἐνδίνουν
595 2749 639 2815 Μ,
660 2750 797 2818 ἐνδὴνουν
815 2753 843 2805 Ρ.
859 2751 922 2806 vide
939 2751 1019 2804 inira.
1106 2773 1133 2826 9.
1150 2753 1254 2827 μαεδέτ
1273 2757 1295 2808 Ρ
1394 2769 1434 2808 so·

404 2821 566 2961 τὲεοχρηαίρ
616 2823 777 2896 petasius?
884 2824 924 2881 ιδ.
942 2839 972 2877 τε
988 2821 1073 2875 osnl’
1160 2817 1251 2883 ἐλθών
1270 2827 1305 2881 Μ
1393 2841 1434 2878 τι.

339 3061 449 3126 audita,
474 3061 529 3114 sibi
553 3061 677 3126 obesset,
695 3059 819 3112 fraudem
838 3061 1056 3114 comminiscitur.
1078 3064 1170 3116 statim
1188 3065 1282 3131 misit,
1307 3067 1359 3138 qui
1378 3082 1438 3119 snsn

339 3143 469 3204 tanquam
482 3133 567 3202 patris
586 3134 697 3184 nomine
715 3141 887 3184 arcesserent.
906 3131 964 3196 ille,
982 3149 1070 3184 rernm
1088 3135 1197 3204 ignarus
1214 3153 1266 3189 nec
1284 3139 1441 3209 quidquam

341 3204 489 3258 formidans
507 3204 587 3266 mali,
614 3203 708 3266 αδετις
733 3201 942 3272 comprehensus
962 3205 1154 3272 strangulatur.
1174 3207 1212 3259 ita
1231 3207 1365 3280 deinceps
1386 3210 1441 3262 sol-

342 3275 486 3328 licitudine
509 3291 608 3326 rucuua
637 3275 791 3336 Bniacctes,
818 3289 881 3324 vero
909 3277 1155 3344 appropinquante,
1175 3281 1267 3348 copies
1291 3299 1390 3334 omnes
1413 3281 1442 3332 in

344 3365 428 3398 unum
456 3346 578 3414 colligit,
600 3353 683 3414 atque
712 3345 740 3396 in
759 3343 847 3396 Asiam
871 3345 1012 3408 treiectus,
1035 3347 1238 3416 impressionem
1257 3349 1328 3404 iacit
1345 3355 1376 3405 in
1394 3352 1443 3403 Ατ-

344 3419 462 3469 meniam
481 3426 621 3486 totamque
639 3415 691 3468 sibi
714 3414 833 3468 subiicit
852 3414 925 3466 idem
944 3415 1058 3468 Colchos
1077 3417 1170 3472 domat
1189 3429 1273 3491 atque
1292 3423 1444 3475 Amastrim

347 3497 375 3540 et
392 3488 472 3539 huius
491 3488 566 3540 urbis
585 3503 719 3550 asuerum,
736 3487 844 3537 Diuum.
863 3485 964 3539 deinde
983 3495 1076 3540 contra
1094 3489 1237 3548 Sarcanem
1255 3511 1378 3546 umerum
1395 3495 1446 3546 du·

347 3567 391 3610 cto
410 3559 549 3621 exercitu,
574 3560 662 3628 ipsum
688 3565 716 3610 st
733 3557 859 3618 Maddes,
886 3557 969 3609 alium
997 3575 1126 3624 anserum,
1142 3559 1273 3618 devincit.
1293 3575 1445 3618 auctumuo

346 3637 475 3695 vergente
494 3637 523 3680 et
539 3629 607 3680 inita
625 3629 715 3681 hieme
731 3628 919 3680 Thechoeium
932 3637 975 3681 .et
992 3629 1147 3684 Mothonem
1165 3650 1268 3688 arueras
1287 3653 1447 3706 aggressus,

348 3699 414 3769 ipsis
430 3699 509 3750 victis
529 3715 560 3750 ac
581 3699 696 3766 iugatis,
721 3706 779 3750 tota
803 3716 896 3751 eorum
921 3708 994 3752 terra
1013 3703 1133 3770 potitur,
1151 3722 1249 3758 uxores
1267 3723 1332 3758 cusu
1352 3707 1448 3758 liberis

349 3772 379 3822 in
397 3773 554 3820 servitutem
573 3772 653 3838 rapit.
670 3779 727 3822 tum
753 3771 782 3821 in
802 3771 937 3840 Europam
957 3789 1093 3837 reversus,
1118 3775 1148 3826 in
1173 3776 1318 3846 Hungnros
1337 3785 1449 3838 movet,

350 3857 453 3909 eosque
470 3840 554 3890 semel
578 3847 660 3908 atque
688 3841 787 3892 iterum
807 3843 911 3906 vincit,
936 3859 968 3893 ac
985 3853 1089 3912 partein
1108 3845 1225 3916 aliquem
1245 3847 1387 3901 Albanius
1404 3865 1452 3900 oc-

351 3920 441 3979 cupat.
469 3911 542 3962 idem
566 3910 693 3963 adversus
709 3911 839 3975 Miltzam‚
859 3913 986 3964 Blachiae
1005 3915 1171 3986 principem,
1189 3919 1345 3988 proiectus,
1366 3919 1453 3972 multa

353 3983 415 4034 loca
434 3983 493 4033 eius
517 3989 609 4044 vexat,
638 3981 688 4033 sed
721 3999 803 4054 quum
824 3983 859 4036 ad
876 3985 974 4035 iustum
994 3987 1127 4054 proelium
1147 3989 1176 4040 in
1197 3991 1289 4042 locum
1311 3989 1454 4060 quendam

355 4053 491 4120 difficilem
508 4053 616 4104 Miltzns
634 4052 778 4122 prodisset,
796 4053 1010 4110 incommoditati
1028 4057 1082 4110 loci
1102 4059 1209 4122 cedens,
1228 4061 1332 4113 omissa
1352 4077 1455 4132 pugna,

355 4125 474 4177 revertit.
491 4133 586 4194 postea
605 4124 639 4175 ad
657 4126 796 4194 pactiones
813 4133 925 4178 ventum
943 4137 993 4191 nst,
1012 4130 1114 4197 quibus
1127 4130 1232 4182 lliltzas
1249 4132 1393 4184 tributum
1412 4131 1455 4182 illi

356 4213 502 4268 pensurum
525 4211 554 4248 ss
573 4212 631 4249 esse
656 4197 790 4267 promisit,
812 4205 840 4250 et
867 4215 920 4267 pas
945 4201 1080 4257 convenit.
1116 4200 1189 4254 idem
1208 4219 1223 4254 e
1241 4202 1315 4256 locis
1337 4203 1456 4276 reliquia
