3062 4920
297 271 355 358 86
617 297 790 365 osouou
819 291 1060 358 euasurum

296 445 367 512 λεία
389 447 514 512 ἐνέπεσε
535 445 590 512 διά
611 469 699 522 τινας
721 441 880 531 διαφοράς
900 439 955 508 καί
971 443 1126 522 πολέμους
1144 443 1207 508 τάν
1226 438 1306 508 υἱῶν
1327 443 1387 506 τοῦ

296 544 558 630 Μπαγιαζήτου,
579 543 613 610 οἳ
630 544 673 621 ὥς
695 537 833 629 ήνιουσαν
859 544 1005 626 περὶτοῦ
1024 538 1165 606 θανάτου
1190 537 1389 627 τοῦπατρὸς

296 641 424 731 airas,
444 644 638 730 ,η’γοονιζοντο
665 646 718 710 ἵνα
744 642 871 720 ἕκαστος
896 643 952 725 τῆς
970 639 1134 724 βασιλείας
1156 641 1212 724 τής
1230 641 1389 724 πατρικῆς

295 741 405 832 κάριος
423 748 560 829 γίνηται.
605 744 662 808 καί
685 739 879 826 περάσαντες
904 741 951 815 εἰς
971 737 1028 822 τήν
1045 739 1204 824 Ειῖράπην
1225 737 1255 804 oi
1274 744 1389 806 τέσσα-

244 864 278 902 ao
296 868 351 930 ρες
370 840 583 930 αὖτάδελφοι,
616 840 670 909 διά
707 843 763 906 τὸν
782 841 909 924 Μωσήν
930 837 974 914 οἷς
994 835 1164 922 εἰρήκαμεν
1186 838 1417 922 αἰχμάλωτονὸ

294 942 374 1027 μετά
396 947 454 1008 rori
474 942 595 1026 πατρὸς
616 943 882 1021 ἑναπομείναντα,
911 935 1065 1024 Ἱωσοάφ,
1087 937 1132 1014 ὥς
1154 935 1297 1021 εἴπομεν,
1318 962 1389 1024 φοο-

292 1047 416 1118 τισθείς
433 1047 472 1130 τῇ
495 1040 588 1131 αἴγλη
619 1045 680 1106 τοῦ
708 1039 801 1126 άγίον
819 1039 998 1123 πνεύματος
1022 1036 1218 1124 Χριστιανός
1239 1035 1387 1123 ἐγεγόνει,

291 1139 322 1206 oi
349 1145 385 1208 δὲ
407 1143 508 1226 ἕτεραι
538 1141 697 1222 άναμίσον
726 1137 924 1228 διεφέροντο,
952 1141 1009 1204 ιιαί
1037 1135 1144 1224 μάχης
1161 1140 1327 1223 γενομένης
1345 1139 1386 1204 τά

290 1245 349 1308 τοῦ
370 1242 490 1308 Ἰεσσαί
512 1233 615 1324 ὅλίγον
650 1235 761 1324 καιρὸν
785 1237 994 1321 άπερίσχυσε.
1041 1237 1097 1302 καί
1116 1237 1227 1324 φιλίαν
1246 1235 1387 1322 μεγάλην

291 1339 375 1424 ἔχων
402 1337 484 1420 μενά
515 1341 575 1404 τοῦ
608 1341 765 1422 βασιλέως
785 1335 845 1423 strip
866 1334 1028 1422 Μονουήλ
1055 1335 1111 1402 καί
1134 1337 1268 1422 στρατὸν
1287 1359 1435 1404 σανα-το

291 1443 426 1524 θροίσας
447 1438 528 1504 κατά
549 1441 610 1506 τοῦ
629 1435 726 1526 ρἠγός
748 1436 929 1522 Ου’γγαράις
949 1435 1054 1504 ε’λθιόν
1074 1431 1167 1502 οὐδὲν
1180 1436 1386 1522 κατώρθωσε.

292 1539 349 1604 καί
368 1536 445 1604 κατά
466 1541 526 1603 rori
545 1535 702 1604 δεσπότου
723 1538 860 1621 Σερβίας
878 1534 983 1603 ἐλθών
1004 1537 1100 1602 οάδὲν
1122 1537 1212 1626 adrui
1227 1533 1387 1622 χρήσιμον

291 1636 439 1721 ἐγεγόνει.
461 1639 517 1703 καί
535 1636 677 1722 περάσας
698 1638 734 1702 ἐν
753 1639 791 1723 τῇ
807 1630 908 1725 Ἀσίᾳ
931 1639 983 1702 ἵνα
1006 1633 1085 1724 ἔλθη
1106 1634 1186 1702 κατά
1212 1639 1272 1702 τοῦ
1291 1634 1388 1702 dost-

292 1740 360 1824 φοῦ
368 1737 641 1819 Μουσουλμάναυ,
662 1735 719 1800 καί
737 1737 783 1812 εἰς
802 1733 944 1822 τὰμέρη
966 1739 1023 1820 τῆς
1040 1737 1268 1802 Καππαδοκῶν
1287 1737 1388 1819 ἐπαρ-

288 1837 366 1917 χίαις
394 1833 649 1920 συναντήσαντος
675 1837 796 1902 ἐκείνου
824 1837 939 1902 Ἰεσσαί
963 1834 1108 1920 ἡττηθείς
1138 1833 1256 1922 ἔφυγε,
1275 1833 1331 1902 ναί
1350 1837 1435 1906 ἐνιό

289 1938 332 2025 τῷ
352 1934 480 2023 φεύγειν
506 1933 677 2012 πιάσαντες
707 1932 806 2000 adadu
832 1935 1031 2019 προσήγαγον
1056 1937 1101 2024 τῷ
1120 1936 1268 2024 diripui·
1308 1931 1388 2002 ὅδὲ

288 2038 490 2114 ε’ναπέπνιξεν
511 2027 610 2101 ου’τόν
629 2032 761 2110 σταθείς
777 2035 811 2099 ἒν
829 2035 869 2121 τῇ
889 2027 976 2122 άργή
991 2037 1117 2121 μήνας.
1140 2081 1149 2098 .
1171 2080 1180 2098 .
1223 2035 1308 2121 (28.)
1330 2031 1388 2104 nai

289 2134 307 2196 ὃ
329 2129 588 2215 Μουσουλμάνος
608 2131 761 2219 ἐγκρατής
781 2132 946 2215 γενόμενος
964 2136 1021 2217 τής
1039 2135 1159 2219 α’ρχής,
1180 2131 1198 2196 ά
1223 2130 1387 2217 Ντεμίρής

287 2229 395 2296 ἔπειτα
415 2230 472 2296 τάν
492 2227 634 2318 άάελφόν
654 2233 756 2297 orituri
776 2235 904 2316 Μωσήν
922 2233 1162 2317 ἠλευθέρωσεν,
1185 2229 1220 2308 ὃς
1241 2227 1385 2317 περάσας

287 2331 419 2417 νιρυφεός
438 2323 537 2414 ἦλθεν
556 2331 591 2394 ἐν
611 2332 652 2418 τῇ
666 2326 816 2416 Εάρτάπη,
837 2332 894 2394 καί
914 2328 932 2393 o‘
955 2328 1110 2416 δεσπότης
1130 2331 1266 2416 Σερβίας
1285 2337 1383 2417 χεῖρα
1392 2351 1434 2394 αα

286 2426 399 2512 ἱκανήν
422 2426 527 2503 deduce
549 2428 605 2493 καί
623 2427 784 2514 βοηθήσας
805 2425 911 2516 αὐτῷ,
937 2431 1017 2512 λέγω
1037 2433 1080 2519 τῷ
1091 2432 1210 2518 Menapi,
1230 2427 1385 2516 ἐγκρατής

287 2525 368 2591 κατὰ
394 2532 450 2612 τῆς
479 2525 636 2612 Εάριόπης
666 2523 811 2612 ἐγεγόνει.
860 2526 978 2608 positio
1008 2531 1044 2594 δὲ
1074 2534 1167 2594 τοῦτο
1195 2527 1213 2592 ὅ
1241 2529 1384 2615 οἷὸελφός

286 2627 390 2694 αὐτοῦ
409 2623 670 2709 Μουσουλμάνος
697 2629 733 2693 ἐν
760 2631 799 2716 τῇ
819 2627 919 2716 Ἀσίρ
944 2628 1084 2714 περάσας
1105 2627 1160 2694 dmi
1179 2631 1238 2714 τῆς
1259 2626 1383 2706 πόλεως

360 2821 382 2856 r.
401 2821 481 2864 τινας
501 2793 639 2876 ἀφορμάς
655 2800 802 2876 διαφοράς
818 2803 886 2860 νεΡ
973 2805 999 2857 6.
1020 2805 1207 2878 ἐναπομεῖναι
1224 2805 1244 2858 P
1338 2821 1380 2874 ιγ.

354 2873 460 3000 ἓφιιεήτθη
471 2875 615 3000 §.Hippot
628 2875 721 2948 μήνας
730 2877 838 2928 Λίλαιαν
848 2874 903 2928 add
913 2873 1025 2947 ὀλίγους
1097 2882 1138 2932 ιδ.
1156 2875 1244 2948 άρχής
1259 2869 1295 2944 ήν
1309 2875 1380 2932 τότε.

285 3097 350 3168 qui,
370 3097 464 3151 audita
487 3103 576 3150 morte
600 3097 700 3166 patris,
717 3114 767 3166 pro
791 3113 821 3150 re
839 3097 957 3168 quisque
984 3097 1158 3163 nitebantur,
1178 3105 1210 3150 nt
1226 3115 1308 3168 reguo
1328 3115 1382 3170 pa-

283 3178 362 3222 terno
401 3169 561 3238 potirentur.
589 3176 731 3220 transeunt
756 3169 785 3219 in
809 3169 943 3237 Europam
971 3169 1066 3222 fratres
1093 3170 1213 3238 germani
1243 3179 1379 3240 quatuor:

283 3240 388 3292 Morem
405 3241 479 3292 enim
495 3241 630 3308 captivum
646 3239 730 3290 fuisse
747 3255 808 3289 cum
831 3248 926 3308 patre,
953 3241 1120 3292 monuimus:
1140 3241 1257 3292 diximus
1278 3241 1382 3306 etiam,

282 3309 443 3380 losuphum‚
465 3311 576 3381 spiritus
594 3311 680 3361 sancti
697 3309 799 3360 lumine
816 3310 969 3378 impletum,
989 3311 1170 3363 Christianum
1190 3311 1289 3363 factum
1309 3325 1381 3364 esse.

283 3381 384 3450 reliqui
408 3383 479 3432 inter
507 3398 537 3434 se
563 3379 737 3432 dissidebant.
764 3381 871 3449 proelio
900 3381 988 3445 facto,
1014 3398 1087 3432 arma
1105 3383 1191 3433 Iessea
1208 3379 1381 3452 aliquamdiu

280 3451 483 3520 praevalebant
501 3453 541 3518 ir,
558 3461 633 3504 arcta
653 3451 771 3502 amicitia
797 3467 856 3502 cum
875 3452 1035 3521 imperatore
1054 3451 1184 3504 Manuele
1201 3453 1382 3518 coniunctus,

281 3521 405 3572 collectis
424 3523 524 3590 copiis,
545 3522 673 3575 adversus
689 3523 873 3590 ilungarorum
891 3540 982 3592 regem
995 3523 1132 3592 proiectus
1151 3531 1201 3585 est,
1219 3539 1268 3574 nec
1283 3529 1382 3578 tamen

280 3591 431 3664 quianm
452 3593 520 3661 egit3
546 3610 597 3644 nec
616 3593 725 3644 Serviae
748 3593 888 3661 despotam
911 3610 1050 3663 aggresso,
1071 3592 1253 3662 expeditionis
1273 3591 1380 3647 fructus

279 3663 420 3714 constitit:
441 3671 486 3724 et,
504 3679 586 3732 quum
602 3664 633 3714 in
652 3665 741 3715 Asiam
759 3665 925 3726 traiecisset,
946 3664 1147 3716 idusuimanum
1168 3663 1279 3716 fratrem
1295 3663 1382 3715 edor-

279 3742 373 3795 turus,
391 3735 420 3784 in
444 3731 637 3801 Cappadocum
658 3733 757 3784 finibus
771 3751 834 3792 ‚curn
853 3751 886 3785 eo
905 3749 1081 3802 congressus,
1106 3733 1213 3802 fugatus
1233 3741 1275 3786 est
1292 3741 1330 3798 et,
1347 3735 1381 3788 in

279 3804 342 3872 suga
364 3802 590 3872 comprehensus,
607 3803 643 3854 ad
663 3804 773 3856 tratrem
793 3803 935 3867 adductus,
952 3807 999 3873 qui
1018 3821 1080 3856 eum
1098 3805 1260 3874 strangulari
1278 3805 1381 3872 iussit,

278 3874 394 3944 imperio
411 3875 529 3944 potitum
545 3890 652 3926 menses
674 3909 813 3926 ......
832 3875 899 3946 (28.)
917 3891 998 3942 regno
1012 3892 1028 3926 e
1042 3875 1214 3928 Musulrnano
1232 3883 1378 3944 occupato,

277 3945 401 3998 Demiror
419 3945 539 4007 Morem,
555 3945 664 3997 fratrem
679 3945 754 4006 eius,
773 3945 890 3997 liberum
907 3944 1024 4010 dimisit,
1042 3948 1091 4016 qui
1109 3947 1177 3997 ciam
1196 3947 1226 3997 in
1240 3945 1379 4014 Europam

276 4027 458 4084 transgressor
478 4024 506 4069 et
526 4031 542 4066 a
560 4015 674 4085 despota
687 4015 797 4067 Serriae
815 4015 968 4068 sufficiente
985 4033 1066 4068 manu
1085 4017 1231 4068 instructus
1249 4023 1279 4068 et
1295 4016 1380 4067 adiu-

277 4097 339 4148 tus,
356 4103 388 4138 ea
406 4093 484 4156 parte
502 4088 625 4154 superior
643 4087 681 4138 fic
700 4085 753 4138 hoc
771 4105 853 4154 quum
866 4088 981 4156 primum
993 4087 1189 4149 Musulmanus,
1206 4083 1290 4138 frater
1306 4087 1379 4150 eius,

277 4159 307 4212 iu
324 4157 389 4211 Asia
405 4156 517 4228 accepit,
538 4159 568 4210 iu
589 4158 723 4228 Europaeo
742 4159 863 4219 traiecit,
883 4166 913 4210 ut
931 4173 980 4228 per
992 4159 1149 4226 Byzantium
1168 4157 1244 4212 fratri
1264 4156 1377 4211 obviam
