3062 4920
478 297 553 364 ιιο.
575 301 616 362 ιι.
644 297 734 364 etr.
765 303 820 362 vs.
1116 273 1193 377 145

115 457 157 532 εἰς
173 453 205 522 τό
232 445 332 538 όνομα
359 453 481 536 αὐτοῦ,
512 459 575 520 τῶν
597 458 784 540 Μαγγδνων
812 453 1091 540 ἐπονομαζόμενον.
1133 461 1202 524 ἐκεῖ

114 555 265 638 ἱστάμενος
293 551 351 640 τὴν
382 554 511 642 φυάλην
542 552 626 636 ἔχων
652 555 708 622 κοιέ
733 554 808 632 τοός
834 555 985 641 σιδὴρσυς
1015 567 1080 634 τοῖς
1107 561 1198 638 τισσέ,

114 656 310 738 διερχομένου
341 651 427 737 ια’χιι
448 657 506 718 ταδ’
534 659 691 738 βασιλέως
712 654 764 720 ἵνα
793 657 838 732 εἰς
856 653 913 740 τὴν
932 651 1124 723 ἀκολουθίαν
1144 659 1200 746 τῇς

113 757 266 838 ἐκκλησίας
281 755 417 841 αἀἐλθῃ,
438 751 574 840 ἐδεήθην
595 756 695 820 αὐτοῦ
716 755 768 820 ἳνα
783 779 825 837 με
855 759 919 820 τῶν
940 751 1085 822 iliceos
1105 759 1198 826 ἕλευ..

89 851 238 940 ἐθεριόσῃ.
293 853 350 916 καί
376 847 473 934 ὃμὲν
502 851 654 935 βασιλεῦς
684 851 839 920 εἰσελθών
865 856 913 929 εἰς
931 854 990 939 τήν
1007 857 1198 940 ἐκκλησιαν,

111 943 211 1038 όρχσιν
229 977 277 1029 τις
297 955 492 1036 ἐπιστρέψας
513 951 593 1037 πρός
616 955 658 1034 μέ
687 947 755 1018 sini
777 975 833 1034 μοι
852 955 948 1018 τάδε·
987 951 1199 1040 “αρσσέταξρν

112 1047 127 1114 o‘
144 1052 291 1132 βασιλεός
314 1049 331 1115 ό
353 1053 511 1137 αδθέντης
535 1053 626 1136 ἡμῶν
645 1051 698 1118 ἵνα
717 1052 860 1136 ἐξᾰρσνσέ
874 1076 932 1118 σου
947 1052 1023 1131 τούς
1037 1049 1199 1138 σιδήρσυς,

109 1147 197 1216 iisne*
215 1151 234 1238 ἦ
255 1155 353 1235 κυριά
382 1151 515 1236 ἦμιόνῆ
541 1152 692 1217 δέσνιοινα
720 1152 869 1238 ἐζήτησεν
895 1147 999 1218 αὐτοῦ
1022 1151 1078 1220 κατ’
1096 1147 1200 1218 δι’τιαν.

109 1273 155 1326 τες
173 1247 291 1336 ἢμεῖς.”
331 1252 387 1316 κατ’
415 1254 491 1337 arpi
518 1250 573 1317 τόν
594 1243 713 1338 όρθρσν
740 1252 842 1336 αὐτῆς
863 1249 1052 1335 τῆςνυκτός
1068 1249 1142 1316 lissi
1166 1253 1201 1316 ἐν
1263 1317 1270 1334 ,

77 1352 140 1436 νοσῇ
158 1352 293 1435 συνήθει
314 1347 382 1440 cipp
407 1352 437 1416 oi
457 1353 515 1414 τοῦ
535 1347 658 1436 ιιόργου
681 1344 830 1436 ἄρχοντες
852 1355 907 1416 καί
926 1354 1029 1438 ἕτεροι
1043 1349 1127 1434 μετὰ
1150 1375 1202 1416 σι-

110 1445 205 1534 δήριον
224 1449 371 1536 σ’ργὰνσον
392 1449 580 1532 ἐκβαλόντες
600 1473 641 1532 με
666 1455 729 1516 sois
749 1449 895 1516 δλιόσειαν
914 1451 971 1516 xus*
991 1453 1199 1530 ἐξαιτισόνται,

108 1548 156 1612 soi
173 1553 317 1632 λέγουσιν
339 1543 400 1632 σόχ
414 1545 464 1614 ότι
482 1552 656 1633 ἐχθρωδῶς
673 1547 787 1634 ἔχουσι
803 1555 873 1615 κατ’
894 1553 975 1632 ἐμοῦ
994 1554 1049 1616 xus*
1066 1549 1107 1616 osi
1125 1557 1201 1638 τρέ.

109 1651 202 1732 φσυσέ
217 1673 283 1730 με,
309 1649 341 1713 es’
367 1643 411 1732 μή
432 1651 500 1714 ἐστι
525 1645 580 1712 διδ
609 1647 653 1736 μή
675 1651 850 1733 κεκτῆσθαι
873 1647 1001 1725 αδτοός.
1044 1653 1100 1715 κατ’
1118 1651 1201 1732 μετὰ

109 1744 159 1809 δόο
176 1747 301 1834 ἧμέρας
328 1745 474 1823 ἐλθόντες
501 1744 598 1813 πάλιν
626 1750 760 1834 ζητσδσέ
776 1773 838 1830 με·
894 1753 950 1812 xus*
980 1746 1118 1834 ἐδεήθην
1145 1754 1202 1816 τοῦ

73 1847 257 1912 ιέοδθέντου
279 1868 344 1928 μου
375 1844 428 1910 διδ
454 1851 581 1933 γραφῆς
608 1849 664 1912 ἵνα
678 1847 883 1935 ἐξασσστειλῃ
904 1841 1062 1934 ἄρχοντας
1081 1854 1202 1914 συλλα-

106 1949 193 2028 λῆσαι
208 1955 277 2022 τοῖς
293 1945 580 2028 αἰχμαλωτειόσασέ
588 1969 629 2028 με
649 1945 730 2030 πρός
746 1946 1028 2030 συμβέβασιντιερέ
1046 1951 1104 2030 τῆς
1124 1950 1203 2032 ἐμῆς

105 2045 297 2129 ἐλευθερίας.
326 2039 403 2129 ὅπερ
425 2047 480 2110 καέ
499 2050 612 2130 γέγονε.
656 2045 713 2110 κατ’
731 2045 1005 2128 συμβιβασθένεες
1026 2046 1203 2112 δεδώκασιν

105 2145 182 2232 αὐτῷ
200 2145 234 2210 τό
257 2147 431 2228 Σαραβιόλε
455 2144 611 2230 φρούριον
634 2146 905 2230 τοιουτοτρόποις,
931 2146 984 2210 ἵνα
1005 2147 1122 2232 ἐγερθῇ
1148 2146 1205 2210 κατ’

105 2241 221 2332 ἐσέλθῃ
236 2247 286 2319 εἰς
299 2241 353 2307 τόν
368 2237 452 2308 οἶκον
473 2241 578 2307 αὑτοῦ
592 2247 627 2308 ἐν
647 2247 687 2329 τῇ
700 2246 730 2306 Γ
729 2246 900 2330 λαρέντζρ·
922 2247 979 2308 καί
991 2247 1106 2327 μέχρις
1125 2238 1201 2309 ὅλου

66 2360 99 2402 so
106 2345 210 2408 Μαΐου
218 2345 249 2410 σι’
256 2345 318 2424 μὲν
325 2339 405 2429 ἔλθῃ
415 2339 670 2427 δμητρσιισλίτιγς
682 2343 736 2406 καί
746 2335 904 2428 αόθέντης
912 2335 1028 2426 airus,
1038 2341 1201 2427 ποιησάτω

104 2439 212 2518 ἐκεῖνος
233 2443 282 2518 ιός
300 2445 406 2523 uites,
428 2443 509 2506 εἶδ’
531 2432 589 2521 oi,
619 2439 854 2526 ααρσδσόσσοσιν
884 2441 974 2530 αὐτῷ
994 2439 1029 2508 τό
1052 2442 1212 2527 κόστρσνι·

103 2543 153 2605 sai
168 2538 344 2626 γεγονότων
366 2537 489 2627 όρκσον,
512 2544 568 2606 καί
593 2543 857 2627 παραλαβομένσυ
879 2544 934 2606 καί
954 2544 1011 2606 τοῦ
1028 2544 1200 2628 Σαραβιόλε
1291 2623 1296 2626 ,

169 2753 191 2788 ι.
209 2739 251 2798 εἰς
269 2730 320 2800 τὴν
337 2751 367 2788 κε
395 2729 464 2802 oliv
482 2734 632 2807 ἱστάμενος
657 2735 730 2807 ἔχων
755 2735 833 2789 sall)
935 2738 974 2791 ιδ.
992 2739 1153 2802 κεκτιγκέναν
1169 2733 1198 2788 lli

167 2821 208 2860 as·
227 2803 363 2879 stupuisti
379 2821 430 2860 ασι
447 2800 478 2860 τό
496 2807 514 2858 Ρ

103 2967 164 3022 nibi
179 2985 238 3024 esse
256 2969 288 3022 in
301 2967 486 3090 pulcherrimo
506 2966 608 3040 templo
622 2967 818 3039 blangsnorom
835 2961 909 3040 qnod
928 2965 1036 3030 dicitnr,
1050 2963 1125 3020 illius
1143 2985 1195 3021 no·

102 3041 162 3092 rnini
179 3057 267 3094 sacro.
297 3041 306 3091 i
328 3042 337 3092 i
363 3057 446 3112 quum
472 3042 667 3104 constitissem,
697 3048 818 3110 pateram
845 3057 926 3090 manu
949 3045 1046 3090 tenens
1076 3047 1105 3090 et
1122 3055 1196 3090 corn·
1237 3097 1240 3106 ,

99 3109 211 3180 pedibus
234 3112 362 3173 rinctus,
383 3111 574 3180 inperatorem
601 3111 673 3161 sorte
701 3115 902 3171 transeuntem,
930 3117 962 3159 ut
988 3107 1121 3158 ecclesiae
1149 3125 1194 3160 sa-

101 3183 148 3234 cris
164 3183 332 3243 interesset,
351 3180 499 3243 obsecravi,
518 3188 550 3232 ut
565 3179 670 3232 catenis
696 3195 740 3231 mc
759 3180 870 3231 levaret.
889 3194 973 3248 quum
995 3179 1048 3228 iam
1066 3178 1195 3232 intrasset

100 3251 126 3302 in
142 3253 286 3306 ecclesiam
306 3253 463 3321 imperator,
481 3267 602 3304 reversus
619 3267 689 3302 unus
712 3249 747 3302 ds
767 3247 925 3319 proceribus
943 3250 981 3300 ita
998 3265 1041 3300 ese
1059 3247 1195 3301 allocutus

100 3331 151 3374 est:
166 3323 277 3376 “iussit
295 3323 455 3392 imperator,
474 3319 600 3374 dominus
620 3329 721 3384 noster,
743 3321 858 3373 vinculis
880 3327 908 3370 ts
927 3317 1052 3381 liberaris
1070 3317 1099 3370 id
1117 3319 1195 3408 pund

100 3393 271 3463 imperatrix,
299 3391 409 3446 domina
425 3401 537 3456 nostra,
562 3401 590 3444 et
606 3407 700 3444 omnes
725 3408 776 3444 nos
802 3393 837 3443 ab
855 3389 952 3441 eodem
968 3389 1113 3458 petivimus
1136 3423 1144 3441 .
1166 3399 1195 3444 et

101 3479 172 3528 ecce,
189 3468 263 3518 circs
284 3465 447 3516 matutinum
465 3465 553 3516 noctis
570 3462 692 3516 eiusdem
709 3471 835 3531 tempus,
862 3459 930 3512 hora
946 3467 1092 3524 consueta,
1110 3461 1194 3514 turris

99 3535 227 3603 praelecti
255 3544 285 3588 et
302 3535 351 3586 alii
377 3535 445 3600 viri,
470 3535 656 3588 instrumentis
678 3533 772 3584 ferreis
797 3531 939 3592 instructi,
962 3531 1065 3583 catenis
1081 3547 1125 3582 me
1143 3547 1193 3583 ex·

100 3605 228 3672 pediunt,
257 3613 287 3660 et
305 3615 435 3678 excusant
460 3621 489 3658 se
507 3605 575 3658 mihi
604 3606 752 3676 aiuntque,
769 3619 825 3654 non
843 3600 938 3654 hostili
956 3599 1020 3652 odio
1039 3607 1095 3652 tans
1112 3617 1193 3671 parce

99 3689 129 3726 sc
146 3677 264 3746 maligne
282 3678 384 3730 victum
401 3693 430 3729 se
448 3677 620 3746 praebuisse,
638 3674 687 3727 sed
705 3675 769 3746 quia
787 3672 901 3724 meliora
919 3687 991 3740 quae
1009 3669 1119 3735 darent,
1135 3687 1193 3726 non

99 3743 258 3802 habuissent
275 3747 337 3818 ipsi.
352 3756 420 3868 post
439 3747 553 3800 biduum
571 3747 671 3800 adsunt
681 3746 779 3798 iterum
798 3751 827 3794 et
843 3757 886 3794 nse
900 3741 1092 3807 cohortentur,
1108 3751 1193 3814 atque

101 3831 147 3886 ego
186 3837 216 3872 er
236 3820 330 3871 literas
372 3819 492 3870 ominum
515 3835 602 3870 meum
628 3817 719 3880 oravi,
743 3823 774 3866 ut
787 3815 910 3866 mitteret
929 3814 1001 3866 viros
1026 3813 1192 3878 honoratos,

100 3889 144 3956 qui
214 3889 420 3942 conditionibus
453 3889 625 3942 liberationis
641 3903 717 3940 meae
743 3885 924 3953 transigerent
941 3883 1074 3948 curabis,
1094 3901 1109 3935 s
1127 3886 1192 3954 qui·

101 3955 149 4010 bos
166 3962 290 4032 captivus
309 3959 465 4012 detinebar:
483 3959 511 4012 id
532 3959 606 4031 quod
626 3959 725 4010 iactum
747 3963 800 4018 est,
823 3963 867 4022 et,
887 3955 1037 4025 compositu
1055 3955 1192 4020 amicitia,

102 4032 238 4082 wtstlum
256 4031 386 4084 Serobale
414 4031 466 4083 boc
485 4031 511 4083 ei
532 4038 613 4101 pacto
631 4027 817 4091 tradiderunt,
845 4033 875 4078 ut
892 4026 1062 4078 Glarenteans
1082 4024 1193 4078 tlornum

103 4099 249 4166 recetmu
270 4100 427 4172 etquidem
446 4102 468 4154 si
492 4117 540 4171 per
560 4101 662 4153 Maium
683 4098 803 4150 venisset
825 4097 999 4166 metropolita
1021 4105 1049 4148 et
1065 4095 1192 4148 dominus

103 4167 227 4238 ipsorum,
245 4172 390 4238 faceretis,
403 4171 477 4243 quod
494 4172 591 4242 vellet,
609 4171 632 4224 si
648 4185 704 4224 non
722 4169 845 4234 venisset,
861 4175 976 4220 castrum
989 4167 1033 4220 illi
1051 4165 1191 4220 dederent.

153 4265 314 4323 Ρλταοικσε.
972 4275 1003 4314 so
