3012 4924
279 369 334 432 ns
362 364 740 432 consummatorem
771 363 1030 433 orrannum.
1109 335 1193 450 475

120 513 330 603 σφοδροτάτου
350 519 558 602 συρραγέντος
577 521 717 598 πολέμου
730 518 786 581 κατ’
804 515 1044 601 καρτερωτάτης
1062 515 1119 600 τῆς
1137 509 1199 595 μά-

118 639 176 700 χης
196 621 247 702 ἐφ’
265 613 373 700 ἱκανῆς
388 639 420 682 τε
437 619 491 702 τῆς
510 611 598 700 cipue
616 619 730 681 πολλοὶ
744 619 780 682 ἐκ
798 619 860 680 ταῖν
880 613 938 678 tirio
952 619 1057 698 μεροῖν
1079 611 1199 696 ἐλαβά-

117 718 217 798 θησαν
239 717 293 780 καλ
313 716 482 780 culturos.
507 713 544 781 τά
566 717 602 780 δὲ
620 717 854 800 ἀκατάπληκτον
873 719 935 780 τῶν
959 711 1199 796 άνδρικωτάιοσν

117 811 170 877 καὶ
185 810 406 897 γενναιοτάτων
433 814 598 897 Ῥωμαίων
627 814 750 892 δειλοὺς
768 817 824 879 καί
839 811 989 897 τρεπτοάς
1009 809 1083 888 τοάς
1102 816 1196 877 Μου-
1205 819 1233 874 Ρ.
1246 833 1293 890 ιργ

91 911 311 994 5σουλμάνους
331 914 504 994 άπέδειξεν.
549 915 605 978 καὶ
623 912 698 990 τοάς
717 918 777 997 μὲν
796 915 1021 996 άναβαίνοντας
1040 907 1122 993 μετά
1142 915 1197 994 τῆς

116 1005 235 1096 φάλκας
254 1012 357 1076 ε’πάνω
378 1015 437 1076 τοῦ
460 1010 522 1088 ἔξω
549 1011 685 1099 κάστρου
709 1011 766 1089 τάς
785 1010 927 1100 κεφαλάς
948 1012 1104 1091 άπὲτεμον
1122 1005 1195 1074 roci.

113 1131 174 1174 τιον
191 1110 248 1175 καὶ
266 1108 346 1195 πρὸς
364 1115 499 1195 βασιλέα
520 1109 647 1199 ἔφερον,
668 1111 745 1189 tocie
766 1115 802 1178 tt
823 1106 1101 1191 Μουσσυλμάνοος
1122 1107 1196 1184 τούς

113 1199 225 1285 ἄλλους
242 1209 317 1286 τοὺς
336 1211 537 1296 ε’τρυποῦσαν
550 1211 587 1276 ro*
608 1212 743 1296 κάστραν
763 1214 819 1277 κατ’
837 1209 913 1286 τούς
932 1207 1094 1294 πύργους,
1119 1210 1197 1274 rint·

113 1331 228 1374 κτεινον
250 1307 336 1386 ἐντὸς
359 1313 405 1388 εἰς
423 1308 481 1386 τάς
501 1308 634 1396 τράπας.
675 1311 714 1377 τά
737 1313 773 1377 δὲ
793 1312 899 1396 πλήθη
919 1307 956 1374 τά
980 1303 1060 1374 ἄλλα
1083 1305 1124 1374 τά
1144 1331 1196 1393 γε·

73 1411 314 1492 ιογσυρισομένα
337 1413 393 1474 καί
412 1412 572 1500 ἐπηρμένω
594 1416 657 1476 τῶν
673 1411 820 1495 Τοάρκων
839 1407 1005 1492 άλάβοοσαν
1019 1407 1197 1495 ἐφόνευσαν

112 1506 252 1589 ἐδίωξαν,
275 1511 332 1573 καί
347 1505 388 1574 τά
400 1507 553 1593 πολεμικά
576 1513 632 1578 καί
642 1509 858 1593 μαχιμώτατα
881 1506 1000 1574 τούτων
1020 1507 1098 1594 ἔργα
1120 1507 1199 1593 ε’πὴ-

112 1625 194 1688 ροισι.
249 1610 305 1672 καί
322 1607 367 1692 μη
400 1610 495 1690 μόνον
513 1607 544 1674 οἱ
571 1613 763 1694 στρατιῶται
791 1609 845 1673 καλ
864 1605 893 1673 ui
913 1605 1119 1690 ἐπιστήμονες
1137 1609 1197 1672 τοῦ

110 1708 247 1788 πολέμου
267 1705 448 1792 εἰργάζοντο
467 1711 575 1791 ταῦτα,
596 1709 677 1774 oillei
701 1709 757 1773 καί
774 1713 828 1792 τῆς
847 1711 1006 1784 πολιτείας
1029 1703 1059 1770 oi
1079 1698 1196 1790 άρχσν-

110 1825 159 1878 τες
178 1805 234 1870 καί
256 1805 315 1889 τῆς
332 1803 444 1892 χώρας
475 1806 505 1872 οῖ
533 1807 738 1892 ἐπιστήμονες
766 1809 822 1872 καί
847 1805 882 1872 τὸ
905 1804 1010 1872 κοινάν
1038 1800 1123 1870 άπαν
1142 1807 1199 1870 καί
1204 1813 1225 1867 B
1248 1857 1252 1866 .

72 1899 170 1966 sisois
190 1901 304 1987 ἱερέων
332 1908 469 1972 scirtii
488 1909 636 1990 μοναχαῖν
662 1903 702 1972 τά
724 1903 908 1990 συστήματα
930 1908 986 1971 καί
1001 1909 1065 1971 ταῖν
1086 1907 1195 1990 άρχιε-

109 2003 187 2084 ρὲων
209 2001 241 2068 οἱ
263 2007 436 2086 κρείττονες
454 2007 511 2070 κατ’
528 2011 745 2088 πνευματικῶν
765 2009 826 2071 τοῖν
848 2005 944 2072 ὅσι’ων
965 2003 996 2070 οῖ
1015 2003 1194 2071 ὁσιώτατον·

107 2099 161 2165 κατ’
179 2105 244 2168 τῶν
276 2099 337 2181 ἔξω
355 2105 471 2190 χαράν
500 2103 530 2170 ολ
551 2100 717 2190 ἅνθρωποι
745 2107 898 2190 τολμηροὶ
916 2109 972 2170 καί
986 2111 1121 2187 γενναῖοι
1140 2105 1197 2167 και·

98 2201 339 2289 ’περιφρονηταά
355 2207 418 2270 τοῖν
447 2207 574 2289 πληγῶν
600 2209 655 2270 καί
681 2206 875 2291 τραυμάτων
896 2203 950 2269 καί
967 2207 1030 2270 ταῖν
1048 2199 1195 2268 θανάτων

107 2298 281 2386 ἐφάνησαν.
335 2301 416 2368 άλλά
443 2306 500 2368 καί
528 2313 673 2388 γυναῖκες
701 2307 816 2369 πολλαὶ
843 2308 888 2380 εἷς
911 2303 1027 2389 deripis
1054 2299 1195 2387 θάρσους

66 2397 400 2483 οομεταλλαττόμεναι
428 2404 483 2468 ἕπε’
515 2408 571 2470 τοῦ
605 2406 745 2486 πολέμου
775 2401 833 2488 την
869 2399 957 2486 άραν
987 2397 1196 2490 φρικτοτάτην

107 2500 228 2585 ἐκείνην
250 2502 307 2564 osias
330 2495 563 2588 άπεκράβησαν,
585 2505 661 2568 uelit
676 2502 720 2579 cic
740 2511 884 2587 γυναῖκες
903 2501 1093 2582 ἑδειλάασαν,
1114 2497 1196 2564 atti

106 2601 161 2662 xci
178 2604 301 2681 μᾶλλον
318 2603 375 2666 τοῦ
388 2605 526 2682 πολέμου
548 2601 606 2688 τὴν
621 2597 710 2686 σάραν
730 2603 776 2678 εἰς
798 2597 835 2666 τά
857 2599 918 2681 ἔξω
939 2599 1073 2686 κάστρσκ
1091 2597 1196 2686 ἔφθα-

106 2719 175 2780 σαν,
195 2695 303 2763 suini
323 2704 383 2780 μὲν
405 2703 523 2786 πέτρας
536 2705 582 2778 εἰς
596 2699 632 2766 τά
652 2709 757 2784 τεῖχος
771 2695 926 2784 άνέβαζον
946 2697 1026 2784 πρὸς
1045 2698 1119 2774 τοὺς
1139 2719 1196 2762 πα-

106 2794 259 2880 λεμιστάς
284 2799 347 2864 τῶν
372 2798 549 2885 Ῥωμαίων,
571 2800 628 2866 καὶ
645 2799 843 2888 ηάιῖρείανακ
864 2797 994 2882 aulearia,
1012 2798 1069 2864 καί
1089 2797 1194 2864 aaut·

104 3121 159 3160 nna
169 3122 238 3162 soce
249 3113 278 3161 ct
290 3107 402 3180 impetu,
412 3110 583 3184 clamoreque
592 3111 622 3164 in
632 3109 724 3164 hostes
738 3109 896 3181 irrumpere,
909 3117 937 3162 at
947 3108 1102 3162 saevissimo
1111 3123 1193 3180 pros-

105 3179 144 3230 lio
163 3181 308 3232 commisso
328 3189 356 3234 et
371 3181 503 3236 dirissimo
522 3181 649 3235 conflictu
660 3182 695 3234 ad
708 3181 815 3252 longam
827 3181 919 3233 boram
929 3181 1009 3232 multi
1028 3197 1061 3232 cx
1079 3188 1193 3250 utraque

104 3259 182 3319 parte
202 3252 462 3306 vnlnerotimortem
482 3253 566 3306 obire.
584 3253 693 3307 tandem
703 3253 899 3324 imperterritus
917 3251 1144 3303 solidissimorum
1164 3259 1194 3304 et

104 3323 369 3390 generosissimorum
379 3325 557 3378 Romanorum
570 3327 672 3377 animus
680 3325 864 3377 Musolmanos
875 3325 972 3376 timore
985 3323 1090 3374 incusso
1100 3321 1194 3392 prulli-

105 3393 185 3459 garlt.
205 3409 298 3444 corum
310 3395 427 3464 quicum
440 3397 508 3448 [αλσο
518 3397 695 3448 ascenderant
707 3397 823 3448 exterius
835 3403 948 3447 castrum
959 3401 1095 3462 amputata
1106 3392 1193 3462 capita

104 3461 139 3514 ad
157 3465 349 3534 imperatorem
370 3466 459 3519 delata
474 3476 551 3520 suut:
570 3469 617 3538 qui
637 3477 751 3520 castrum
763 3475 904 3536 turresque
921 3463 1104 3536 perforabant,
1122 3463 1194 3514 inter

103 3533 163 3602 ipsa
183 3535 315 3588 foramina
332 3538 518 3589 contrucidati.
537 3538 660 3590 examina
678 3539 731 3590 alia
744 3538 889 3589 Turcarum
908 3535 1023 3606 superba
1040 3551 1072 3586 ac
1088 3533 1192 3586 tumida

104 3605 264 3658 vulneribus
281 3609 463 3672 coniecerunt,
484 3609 513 3660 in
532 3609 621 3676 fragam
643 3617 789 3671 verterunt,
808 3623 955 3679 eorumque
974 3606 1074 3658 bullica
1091 3605 1192 3658 instru-

103 3685 197 3727 menta
216 3693 248 3728 ac
265 3677 401 3730 machinas
420 3677 577 3752 depraedati
594 3689 666 3732 sant.
702 3695 791 3748 neque
804 3687 909 3731 tautum
927 3677 1028 3729 milites
1049 3684 1077 3729 ct
1093 3675 1192 3762 pugnis

105 3747 220 3800 exerciti
237 3747 304 3800 baec
321 3767 336 3801 o
358 3751 510 3814 orabuntur,
530 3749 578 3802 ssd
591 3759 619 3803 ct
636 3749 812 3820 reipublicae
830 3751 880 3802 riri
892 3749 1026 3818 principes
1038 3755 1065 3799 et
1076 3745 1194 3798 ciuitatis

103 3819 187 3887 periti
211 3767 424 3873 correctiorem
443 3823 601 3873 universitas
622 3829 650 3874 ct
669 3819 861 3873 monachorum
881 3829 973 3870 coetus
994 3827 1023 3872 et
1040 3818 1193 3870 antistitum

103 3889 228 3956 potiores
242 3899 270 3942 et
287 3901 438 3944 sanctorum
451 3893 634 3944 consessorum
647 3893 788 3944 sacerrimi.
826 3899 952 3944 externae
973 3905 1084 3960 quoque
1101 3889 1189 3958 regiu-

104 3959 148 4010 nis
167 3957 292 4014 homiues
312 3962 441 4032 impavidi
460 3971 488 4016 ct
506 3965 628 4034 generosi
648 3971 676 4014 ct
693 3964 829 4032 plagarum
842 3969 870 4013 st
887 3962 1025 4012 vrrlncrum
1046 3961 1191 4030 mortisque

105 4026 194 4098 ipsius
213 4039 411 4102 contemptores
423 4035 507 4104 agniti
526 4042 596 4086 sunt.
617 4034 764 4104 quinimmo
782 4033 930 4101 pleraeque
947 4033 1072 4085 mulieres
1090 4031 1193 4082 virilem

105 4098 248 4154 ascaloniam
275 4102 436 4166 induentes,
462 4104 589 4158 horribili
617 4105 665 4156 illa
688 4103 756 4156 belli
774 4111 934 4174 tempestate
958 4120 1012 4154 uon
1033 4120 1062 4155 se
1079 4099 1193 4152 abdide-

107 4177 178 4233 rant,
197 4187 287 4256 nequa
306 4175 347 4225 nti
360 4175 486 4228 mulieres
504 4184 577 4227 metu
595 4175 735 4245 perculsas
753 4175 921 4238 sentinoso
940 4189 973 4226 co
992 4175 1052 4258 ipso
1070 4181 1193 4240 tempore

106 4237 142 4291 ad
159 4247 279 4296 exterius
291 4251 407 4298 castrum
424 4247 563 4300 venientes
578 4247 676 4320 partim
689 4261 751 4300 saxa
764 4245 872 4300 Graecis
886 4243 1066 4300 bellatoribus
1077 4244 1106 4296 iu
1117 4256 1193 4295 moe·
