3062 4920
348 239 429 340 tid
647 257 820 322 otonou
856 259 1098 324 euasurus:

341 413 523 501 θερμότητα
538 413 593 494 τής
613 413 720 492 ψυχῆς
733 413 789 474 καί
804 410 859 494 τήν
871 415 1036 476 συντονίαν
1054 415 1111 494 τῆς
1131 407 1289 495 δεήσεως,
1302 417 1369 477 καθ’
1390 435 1422 494 ην
1514 403 1515 474 l

343 517 399 580 καί
419 513 609 580 σιωπώντων
622 507 732 574 ἀκούει
751 508 887 588 ὅθεός.”
910 503 1000 594 ήοίν
1017 510 1092 594 ἁγία
1110 514 1191 595 μήτε
1207 536 1238 575 τι
1253 515 1424 594 προλαμβιὶ-
1514 505 1515 564 l

341 637 441 682 νουσα
462 605 813 696 τροφιμουήποσιμου,
833 612 912 696 μήτε
934 610 1091 692 ὁμιλοῦσα
1109 609 1146 675 τὸ
1166 609 1263 694 τυχὸν
1284 609 1357 676 ἄνευ
1374 613 1425 673 τοῦ
1514 615 1515 696 1

343 720 419 778 καθ’
437 711 560 796 ἡμέραν
590 713 766 791 ἐρχομένου
798 707 909 791 ἱερέως
937 713 983 785 εἰς
1011 707 1045 776 τὸ
1064 710 1317 794 μεταλαμβάνειν
1338 707 1425 790 αὐτήν

344 818 409 880 τῶν
428 809 526 876 θείων
544 813 746 892 μυστηρίων,
768 808 838 874 τότε
859 811 914 874 καί
933 809 992 884 τὰς
1015 820 1129 894 χεῖρας
1148 811 1204 874 κατ’
1221 809 1297 885 τούς
1315 809 1449 896 ὄρθια-5
1514 813 1515 884 f

343 909 426 994 μούς
446 912 494 986 εἷς
513 907 566 974 τὸν
598 906 736 991 ου’ρανόν
759 906 896 992 αἴρουσα
920 909 975 974 καί
1000 909 1203 994 συγχώρησιν
1230 913 1362 975 αἰτοῦσα
1379 914 1429 972 λα-
1514 885 1515 912 l

343 1019 413 1096 ῥεῖν
430 1005 566 1091 ὕστερον
586 1006 832 1088 μετελάμβανεν.
876 1008 957 1073 α’λλὰ
977 1007 1034 1072 καί
1052 1013 1110 1074 τοιῖ
1120 1011 1277 1090 βασιλέως
1300 1006 1356 1090 stip
1375 1010 1429 1072 'lo-

346 1110 444 1176 ιίννου
465 1107 521 1172 καί
539 1110 602 1172 τῶν
624 1110 800 1172 δεσποινοῖν
815 1107 870 1172 καί
889 1101 995 1173 ἄλλων
1008 1113 1132 1173 πολλῶν
1146 1105 1296 1184 πολλάκις
1309 1129 1432 1190 προσερ-
1514 1157 1515 1194 η

344 1213 491 1295 χομὲνων
521 1207 619 1294 αὐτῇ,
643 1205 725 1271 α’λλὰ
758 1205 795 1290 δή
820 1211 876 1272 καί
896 1209 965 1274 τότε
989 1207 1042 1272 διὰ
1065 1211 1247 1274 τελευταίαν
1268 1203 1364 1292 ειῖχήν
1383 1200 1433 1288 α’ρ·
1514 1265 1515 1298 η

346 1306 469 1392 χόντων
489 1310 547 1370 καί
567 1301 851 1387 ἆρχοντισσιόνκαί
870 1309 1021 1393 ε’γκριίων
1042 1305 1259 1392 ἱερομονάχων
1273 1313 1328 1372 καί
1345 1329 1471 1388 pota-so

347 1411 428 1491 χῶν,
451 1408 578 1472 ἀνένευε
594 1409 650 1468 καί
672 1407 875 1491 συγχώρησιν
895 1411 949 1473 καί
969 1406 1069 1494 εὐχήν
1089 1407 1248 1492 ἐχορήγει.
1272 1411 1328 1473 καί
1347 1401 1436 1480 οὕτως
1514 1449 1515 1514 ρ

320 1510 547 1589 Βιλιαρκὲσασα
572 1503 693 1590 ήμὲρας
715 1503 795 1570 lutei
817 1505 898 1591 πρὸς
918 1508 1029 1592 κύριον
1048 1505 1237 1592 ἑξεδήμησε,
1264 1511 1320 1574 κατ’
1346 1504 1437 1589 ίτιίφη
1514 1515 1515 1524 ³

349 1604 523 1694 φιλοτίμως
544 1601 789 1690 συνδραμόντων
809 1604 926 1688 σχεδὸν
946 1609 1074 1672 πάντων
1101 1609 1166 1672 ταῖν
1192 1607 1305 1692 ἱερέων
1324 1605 1438 1690 ῖερομο·

348 1707 472 1788 νιίχων,
494 1708 615 1789 κλητιόν
635 1703 690 1769 καί
709 1701 861 1789 α’κλήτων,
885 1703 1118 1791 α’ρχόντωνκαί
1129 1705 1355 1794 α’ρχοντισσοῖν.
1393 1700 1442 1767 ταί

349 1808 453 1870 ταῦτα
466 1807 526 1886 μὲν
547 1803 586 1888 δή
609 1801 710 1881 οὕτως
729 1801 863 1888 ἔχεικαὶ
884 1807 1027 1890 ἀληθῶς.
1449 1808 1475 1868 ri
1514 1851 1515 1866 ι

434 1905 464 1969 6.
506 1907 669 1984 Κτιμένου
690 1928 753 1986 μου
776 1897 881 1973 οὖνέν
900 1909 941 1993 τῇ
962 1909 1092 1993 φρουρᾷ
1110 1901 1441 1990 ήμέραςτεσσαρᾰκον·
1514 1867 1515 1924 i

350 2028 391 2068 τα
398 2055 408 2085 ,
430 2003 476 2080 αἱς
496 1996 595 2087 ήλθεν
615 2003 632 2086 ή
656 1998 750 2087 ἑορτή
773 2007 827 2087 τῆς
847 2005 974 2089 μνήμης
992 2008 1048 2070 τοῦ
1062 2011 1285 2088 ἐλευθερωτσῦ
1296 2008 1359 2070 τῶν
1378 2003 1441 2084 σι’χ-

350 2105 507 2186 μαλώτων
529 2099 620 2186 ἁγίου
648 2102 932 2190 μεγαλομοίρτυρος
953 2109 985 2171 Γ
983 2109 1141 2190 εωργιόο,
1169 2103 1308 2192 ἐδεήθην
1337 2104 1441 2178 τοῦδε,

352 2203 396 2278 ὥς
417 2200 502 2284 ιιοῖγαλ
512 2204 542 2266 Γ
541 2201 669 2285 ειὸργιος
682 2207 737 2269 καί
756 2203 926 2268 παιδιόθεν
947 2207 1059 2280 δοῦλος
1081 2199 1193 2284 αὐτοῦ,
1215 2205 1268 2268 ἵνα
1291 2199 1442 2288 tarpeioq-

351 2306 410 2366 ταί
425 2325 467 2383 με
496 2307 559 2366 τῶν
588 2303 699 2366 δεινοῖν
731 2303 788 2365 καί
808 2303 951 2382 densetis·
1001 2305 1058 2366 καί
1084 2301 1340 2388 α’φυπνιοιοθείς,
1363 2300 1478 2380 ἔδοξὲοο

351 2423 407 2484 μοι
430 2400 607 2486 εὑρεθῆναί
623 2423 665 2482 με
694 2401 740 2478 εἷς
762 2397 798 2464 ri
819 2402 1005 2480 περικαλλὲς
1028 2397 1118 2485 ἅγιον
1138 2405 1263 2485 τέμενος
1286 2403 1389 2468 αὐτοῦ
1409 2397 1441 2464 τὰ

422 2681 486 2722 reue
500 2667 525 2716 P.
545 2683 579 2716 an
599 2665 729 2720 ἐπένευεῒ
828 2668 867 2719 15.
886 2666 964 2737 εἶχον
986 2659 1018 2732 δή
1045 2671 1094 2720 καὶ
1120 2663 1240 2734 ἀληθῶς.
1277 2665 1348 2735 αὕτη
1374 2653 1443 2720 sitsi

421 2737 564 2809 πρότερον
582 2737 719 2809 oretum
738 2738 844 2808 ἐλέγετο
862 2736 882 2788 P

351 2937 388 2974 ne
413 2923 619 2976 contentionem
644 2925 718 2976 vocis
744 2931 773 2975 et
792 2923 990 2976 vehementiam
1021 2923 1147 2988 noveris,
1171 2927 1225 2994 (res
1253 2925 1330 2976 enim
1353 2919 1445 2976 sanctis

351 2993 482 3046 indecora
500 2994 601 3044 clausor
618 2995 669 3063 est)
686 2991 735 3044 sed
755 2995 934 3046 attentionem
949 2995 1046 3044 urentis
1064 3003 1093 3045 et
1110 2993 1242 3046 servorem
1260 2995 1347 3046 enimi
1366 3003 1393 3044 et
1409 3007 1445 3040 ar-

353 3065 447 3116 dorem
464 3065 645 3134 precationis,
666 3063 765 3132 quibus
786 3064 825 3127 fit,
848 3073 880 3116 ut
900 3065 981 3114 etiam
999 3071 1120 3116 tacentes
1138 3063 1204 3116 deus
1220 3063 1341 3118 audiet?
1363 3069 1446 3117 saneta

353 3137 437 3205 igitur
460 3153 511 3187 nec
536 3135 625 3186 cibum
654 3151 704 3186 nec
736 3144 831 3204 potum
861 3133 999 3198 sumebat,
1031 3151 1083 3186 nec
1108 3135 1277 3206 loquebatur
1304 3136 1447 3206 quidquam

352 3208 406 3258 nisi
427 3223 488 3258 cum
507 3205 662 3268 sacerdote,
681 3205 728 3274 qui
757 3205 791 3256 ad
812 3222 871 3256 eam
893 3205 991 3256 divinis
1004 3207 1137 3272 mysteriis
1151 3207 1363 3276 impertiendam
1383 3221 1445 3276 quo-

353 3277 422 3330 tidie
445 3277 611 3340 ventitabat3
632 3285 689 3328 trun
715 3293 810 3327 manus
836 3285 864 3328 et
884 3277 977 3327 oculos
1004 3277 1033 3328 in
1059 3277 1165 3328 coelum
1190 3277 1324 3331 attollens
1352 3285 1381 3330 et
1405 3291 1447 3326 τε·

353 3351 426 3400 niam
439 3347 546 3400 delictis
568 3349 624 3399 suis
642 3356 746 3416 petens,
768 3346 853 3398 divini
874 3347 996 3414 mysterii
1015 3349 1150 3418 particeps
1170 3349 1261 3400 fiebat.
1281 3351 1352 3420 quin
1374 3349 1447 3400 etiam

355 3420 513 3488 imperatori
541 3419 656 3470 Iohanni
686 3427 715 3470 et
732 3417 877 3486 despoenis
905 3419 1022 3486 aliisque
1047 3417 1141 3470 multis
1159 3420 1322 3490 frequenter
1340 3417 1447 3472 seinvi-

355 3489 492 3549 seutibus,
510 3496 539 3540 et
556 3491 603 3560 qui
624 3500 682 3542 tum
699 3497 811 3558 propter
829 3487 937 3541 ultimas
967 3491 1025 3539 eius
1043 3507 1136 3558 preces
1156 3507 1214 3542 eam
1233 3491 1375 3552 visebant,
1392 3489 1449 3540 viris
1514 3517 1515 3520 =

355 3571 384 3614 et
398 3560 506 3612 seminis
524 3559 684 3622 illustribus,
703 3569 731 3611 et
743 3559 865 3628 probatis
878 3559 1095 3612 liieromonacbis
1108 3569 1136 3613 et
1156 3561 1297 3614 monachis
1317 3559 1449 3614 abnuebat
1514 3559 1515 3612 l

355 3630 483 3683 adeunde
504 3632 608 3698 copiam
618 3647 767 3701 precesque
779 3629 919 3683 fundebat.
933 3633 970 3682 ita
988 3649 1071 3702 quum
1087 3633 1198 3685 vixisset
1215 3631 1274 3685 dies
1288 3651 1320 3686 ee
1342 3642 1403 3696 tem,
1420 3625 1451 3680 til

356 3701 497 3754 dominum
518 3699 604 3764 abiit,
624 3712 653 3752 et
669 3701 776 3770 sepulta
796 3711 837 3752 est
854 3701 1012 3764 honorifice,
1032 3702 1157 3754 omnibus
1178 3721 1310 3774 propemo
1351 3723 1378 3756 m
1395 3702 1450 3753 tie-

356 3771 536 3834 romonachis,
552 3773 654 3823 vocatis
673 3781 702 3824 et
718 3773 893 3837 nonvocotis,
914 3781 943 3825 et
952 3773 1116 3842 primoribus
1135 3775 1277 3845 utriusque
1295 3792 1379 3828 senus
1392 3787 1451 3824 con·

356 3841 536 3897 currentibus.
556 3851 638 3911 atque
661 3842 727 3893 haec
744 3843 855 3912 quidem
874 3842 941 3895 talia
960 3853 1025 3895 sunt
1041 3853 1070 3896 et
1088 3845 1123 3896 sd
1138 3847 1281 3898 veritatem
1301 3853 1419 3898 narrate.

428 3914 455 3966 6.
492 3913 547 3981 Ego
563 3915 685 3982 quumin
705 3931 810 3966 carcere
830 3913 939 3966 fuissem
957 3913 1014 3966 (lies
1033 3915 1212 3986 quadraginta
1223 3917 1322 3968 edesse
1376 3933 1391 3968 e
1408 3915 1451 3965 tux

358 3981 447 4037 (licata
463 3983 609 4035 memoriae
627 3986 716 4052 magui
736 3985 859 4052 martyris
883 3987 968 4038 sancti
988 3985 1119 4054 Georgii,
1137 3990 1306 4057 captivorum
1324 3925 1452 4040 lilllerato

358 4057 402 4119 ris,
420 4055 581 4126 suppliciter
598 4054 670 4106 lumc
687 4056 792 4124 rogavi,
813 4064 844 4106 ut
862 4058 1050 4125 cognominem
1062 4074 1105 4108 me
1124 4067 1179 4110 eta
1196 4075 1281 4128 puero
1295 4061 1382 4128 ipsius
1399 4055 1453 4106 cul-

358 4135 446 4180 torem
467 4127 583 4180 miseriis
612 4135 640 4178 et
657 4127 772 4180 vinculis
792 4127 917 4196 eriperet
942 4136 1000 4181 tum
1019 4146 1113 4181 somno
1131 4146 1290 4200 oppressus,
1309 4130 1382 4186 visus
1399 4142 1452 4178 sun

423 2611 447 2646 a.
468 2592 752 2668 προσλαμβάνουσαῖ
839 2597 866 2650 6.
885 2596 981 2664 λαβεῖν
997 2590 1119 2665 ὕστερον
1136 2613 1180 2648 om
1198 2595 1228 2647 Μ
1335 2613 1373 2648 ιι.
1390 2593 1442 2649 trs·
