3026 4924
347 278 428 370 188
672 311 847 378 Gnoson
875 307 1117 380 οιιιιλυιιτλα

341 463 444 530 κόσιοι
460 461 515 528 τόν
536 463 687 548 α’ριθμόν.
707 461 763 528 κατ’
781 459 880 540 οότως
900 465 1049 548 εἰσῆλθον
1066 460 1147 544 μετό
1169 466 1232 530 reris
1252 469 1419 552 σαλπίγγων

341 564 396 627 καί
417 562 534 638 παντὸς
562 565 670 646 γένους
690 565 857 644 μουσικοῦ.
907 559 927 647 ἦ
950 566 985 629 δὲ
1004 560 1094 638 πόλις
1115 566 1203 629 πιῖσα
1224 569 1281 650 τῆς
1303 571 1419 652 Φερρα·

341 659 414 747 ριἀς
433 664 631 746 συνέδραμεν
653 664 732 728 ἰδεῖν
752 661 808 744 τὴν
828 667 887 727 τοῦ
907 663 999 745 ἁγίου
1020 663 1110 748 ἡμῶν
1130 663 1352 732 αόβένιοακαι·
1369 671 1419 747 βα-
1496 663 1497 672 ’

340 763 455 835 σιλέως
475 757 599 826 iteam
618 760 700 842 μετό
721 763 830 838 αἰδοῦς
853 765 908 828 κατ’
926 767 1022 845 τιμῆς
1041 761 1096 826 κατ’
1114 765 1292 845 εόλαβεέας.
1337 765 1420 830 arcii

339 864 399 942 μὲν
415 859 569 943 βασιλεός
597 863 766 939 ἐκαθέζετο
794 864 845 946 ἐφ’
876 863 975 926 ἵππου
1006 860 1200 942 ὥραιοτότυο
1221 867 1358 945 μέλανος
1376 867 1441 932 soii

340 961 586 1042 εότρεπισμὲνον
598 958 678 1039 μετὰ
691 962 833 1045 ἐρυθροῦ
854 959 909 1024 κατ’
925 959 1175 1046 χρυσοόφόντου
1194 965 1352 1044 χασδίου·
1371 953 1422 1044 rip-

339 1080 450 1140 χοντες
471 1059 507 1122 di
528 1057 586 1122 καί
601 1082 684 1134 τινες
705 1056 795 1124 ditor
815 1061 1036 1144 συνηπιέγοντο
1056 1061 1153 1148 αότηῖ,
1177 1058 1257 1142 persi
1279 1062 1423 1142 ου’ρανέας

341 1160 538 1234 λευκοειδοῠς
564 1157 822 1238 ἔπισκεπόζοντες
846 1156 960 1240 αότόν,
984 1158 1039 1224 κατ’
1060 1153 1144 1243 αότη
1166 1159 1423 1241 ἔπιμελανέζοοσιι

342 1257 387 1332 ὥς
406 1257 476 1320 ι’δέα
499 1257 648 1339 οόρανοό.
700 1259 755 1322 καί
782 1261 889 1343 ἕτερος
909 1261 1002 1334 ἵππος
1025 1257 1137 1334 λευκός
1156 1257 1360 1344 ὥραιότατος,
1378 1261 1424 1323 εδ·

341 1357 548 1439 τρεπισμένος
564 1355 620 1421 καί
640 1357 736 1433 odric
755 1357 794 1424 τό
821 1353 915 1440 crisci,
937 1359 992 1423 arai
1009 1359 1152 1444 χρυσοῦς
1174 1357 1285 1436 αἐιοός
1308 1361 1362 1426 ἐπὶ
1378 1362 1426 1424 τοῦ
1436 1383 1462 1426 ιο

340 1455 479 1538 prodibo
499 1453 582 1538 ἔχων
602 1460 659 1522 καί
677 1459 769 1542 ἔτερα
790 1461 901 1542 χρυσοῖ
929 1462 1104 1541 πλέγματα,
1126 1457 1294 1544 ἐπορεύετο
1317 1455 1426 1543 ἔμπρο-

341 1559 421 1620 σθεν
437 1556 494 1618 τοῦ
513 1555 754 1642 βασιλέως,μὴ
776 1554 859 1640 ἔχων
879 1555 1054 1641 α’ναβότην.
1098 1555 1116 1622 ό
1139 1559 1175 1623 δὲ
1194 1560 1428 1641 μακαριώτατος

340 1651 449 1730 πόπας
481 1647 521 1738 ἦν
551 1654 727 1742 καθήμενος
752 1656 808 1722 ε’πδ
835 1661 891 1723 rori
916 1661 1072 1723 παλατέου
1093 1657 1194 1723 αότοό
1215 1655 1296 1740 μετό
1320 1654 1427 1732 παντός

339 1757 399 1820 τοῦ
428 1756 562 1838 κλήρου,
592 1755 806 1842 καρδινόλειον
835 1755 954 1842 δηλαδη
993 1757 1231 1842 μητροπολιιιόν
1261 1753 1430 1824 ἐπισκόπων

339 1849 452 1937 ἱερέων
482 1853 538 1920 κατ’
568 1848 673 1920 ἄλλων
703 1860 761 1921 rori
795 1855 958 1941 ἱερατικοῦ
977 1859 1169 1940 καταλόγου,
1195 1855 1253 1922 κατ’
1271 1857 1465 1942 α’ρχόντυνιό
1498 1851 1499 1866 ό

339 1955 395 2018 κατ’
413 1955 579 2024 αόβεντιόν
595 1959 738 2038 πολλῶν,
760 1953 964 2040 ἐκδεχόμενοι
988 1954 1045 2022 τόν
1064 1960 1210 2038 βασιλέα.
1253 1961 1313 2022 κατ’
1332 1955 1430 2021 ἐλθόν-

339 2076 391 2128 τες
409 2051 439 2118 oi
460 2051 639 2140 ἔμπροσθεν
666 2053 820 2143 ἔφιπποι,
850 2059 934 2132 τινὲς
953 2059 1013 2139 μὲν
1035 2059 1098 2122 τεόν
1118 2055 1285 2140 όρχόντων
1310 2059 1431 2134 ἐπέζευ-

340 2177 413 2234 σαν,
436 2154 493 2218 καὶ
519 2153 657 2230 αότόςό
684 2153 860 2240 δεσπότης,
895 2156 950 2221 κατ’
969 2157 1120 2240 εἰσῆλθον
1146 2155 1199 2222 διό
1222 2159 1279 2236 τῆς
1301 2155 1433 2238 μεγάλης

348 2252 450 2336 πόλης
468 2251 558 2317 ἔνδον
577 2257 634 2318 τοῦ
655 2258 820 2336 παλατίου,
842 2245 883 2318 οδ
902 2249 942 2339 ἤν
963 2254 982 2320 δ
1002 2255 1130 2330 πόσας·
1174 2253 1230 2319 τόν
1248 2258 1284 2318 δέ
1307 2255 1433 2337 βασιλέα

347 2347 514 2434 εἰσήγαγον
534 2347 673 2436 ἔφιππον
694 2353 735 2416 δι’
749 2349 857 2438 ἑτέρας
879 2353 993 2438 πόλης.
1036 2351 1129 2436 γνοός
1151 2347 1208 2418 oris
1227 2351 1244 2419 ri
1264 2352 1374 2430 πόπας
1393 2347 1433 2418 ότι
1441 2377 1470 2419 ιο

346 2447 440 2530 ἔγγός
460 2453 529 2516 ἐστι
551 2455 608 2534 τῆς
626 2447 727 2534 πόλης
746 2451 764 2515 o‘
785 2450 948 2533 βασιλεύς,
969 2451 1082 2537 α’νέστη
1104 2455 1160 2518 καί
1178 2451 1374 2538 περιεπάτει.
1403 2447 1436 2515 όν

348 2550 405 2611 καί
425 2539 519 2632 εὗρεν
551 2547 568 2613 ό
587 2550 740 2633 βασιλεός
759 2545 889 2634 όρβιον·
931 2555 988 2616 καί
1005 2553 1109 2616 θέλων
1128 2557 1343 2638 γονυπετῆσαι
1353 2605 1364 2636 ,
1386 2551 1437 2615 οδιι

350 2647 475 2734 α’φῆκεν
492 2647 592 2716 αόιόν
612 2649 628 2715 ό
652 2645 759 2726 πόπας
787 2651 857 2716 ἀλλ’
877 2651 1004 2731 ἐδέξατο
1025 2649 1126 2717 ου’τόν
1146 2655 1192 2728 εἰς
1212 2650 1289 2729 τοός
1310 2651 1437 2728 κόλπους

423 2849 449 2887 a.
466 2835 649 2910 μουσικιῖνΡ
742 2853 782 2890 ιο.
803 2835 854 2892 τοῦ
874 2837 957 2892 omP
1031 2854 1072 2908 ιη.
1090 2837 1238 2902 &niteatur
1253 2837 1306 2890 ΜΡ

348 2987 560 3036 strumentorum
577 2984 666 3035 omnis
685 2983 790 3052 generis
810 2983 943 3052 strepito3
961 2983 1156 3053 concurritque
1174 2983 1270 3038 civitas
1289 2983 1438 3034 Ferrariea-

349 3053 420 3106 sium
439 3054 562 3105 universa
580 3053 615 3105 ad
632 3053 779 3106 ridendum
800 3053 973 3106 sacratissimi
993 3053 1095 3105 domini
1120 3055 1207 3106 nortri
1228 3061 1257 3105 et
1273 3051 1438 3124 imperatoris

348 3123 501 3186 introitum,
521 3141 582 3176 cum
600 3123 786 3187 observantia,
804 3121 909 3176 bosforo
926 3133 955 3176 et
974 3123 1146 3178 verecundia.
1163 3123 1280 3177 sedebat
1298 3125 1439 3194 imperator

347 3195 378 3246 in
395 3211 465 3265 equo
483 3195 678 3248 formosissimo
701 3195 771 3262 nigri
790 3195 904 3258 coloris,
922 3195 967 3246 cui
987 3195 1118 3248 iniectum
1145 3204 1203 3247 erat
1228 3205 1348 3247 stratum
1366 3191 1438 3246 serici

347 3265 440 3318 villosi
458 3281 606 3336 purpuram
625 3273 654 3318 et
671 3281 737 3316 auro
752 3265 937 3318 intertextam.
957 3265 1098 3336 stipabant
1111 3283 1174 3318 eum
1191 3267 1333 3338 principes
1352 3273 1380 3318 et
1397 3262 1438 3315 aiii

347 3335 474 3408 qiridsm,
493 3337 590 3388 aulaeo
615 3335 725 3388 candidi
753 3336 852 3387 coloris
880 3353 942 3388 eum
966 3345 1128 3405 opacanter,
1146 3337 1299 3405 nigricante
1317 3346 1439 3406 tanquan

347 3407 420 3460 coeii
445 3408 542 3476 imago.
572 3408 642 3460 aliur
667 3423 754 3478 equus
778 3405 910 3458 candidus
939 3413 968 3458 et
989 3409 1048 3478 ipse
1073 3407 1284 3460 formosissimus
1309 3417 1339 3460 et
1361 3403 1439 3458 simili

347 3477 430 3531 modo
454 3487 578 3541 ornatus,
596 3479 626 3530 in
643 3479 719 3530 cuins
735 3485 820 3529 strato
846 3476 955 3549 aquilae
973 3477 1099 3564 aliaeque
1117 3479 1217 3546 figurae
1235 3491 1303 3530 noro
1324 3479 1440 3530 intextae

348 3556 436 3610 erant,
453 3549 643 3619 imperatorem
661 3547 856 3618 praecedebat,
883 3565 975 3602 carens
994 3557 1096 3620 eqrrrte.
1118 3550 1307 3602 sanctissimus
1325 3564 1397 3620 papa
1412 3547 1439 3595 in

347 3619 452 3689 palatio
478 3637 526 3671 ruo
545 3637 605 3672 cum
623 3628 683 3672 toto
701 3620 783 3681 clero,
794 3618 823 3670 h.
839 3637 863 3670 e.
890 3621 1055 3690 purpuratis,
1079 3619 1280 3689 metropolitis,
1299 3617 1439 3690 episcopis,

348 3689 554 3752 sacerdotibus,
578 3691 732 3761 ceterisque
762 3689 962 3754 ecclesiasticis,
982 3699 1011 3742 et
1028 3691 1093 3742 viris
1112 3690 1283 3760 principibus
1305 3707 1338 3742 ac
1357 3689 1440 3742 domi·

347 3761 392 3812 nis
410 3761 513 3820 multis,
531 3762 721 3828 imperatorem
735 3768 902 3830 exspectans,
921 3760 1042 3814 sedebat.
1062 3761 1191 3824 adrectis,
1205 3761 1255 3830 qui
1274 3777 1372 3829 agmen
1391 3759 1437 3809 dn-

349 3831 464 3892 cebant,
482 3831 637 3900 equitibus,
667 3849 682 3882 e
701 3831 870 3901 principibus
895 3832 1023 3884 nonnulii
1046 3831 1265 3892 descenderunt,
1284 3833 1359 3884 inter
1376 3843 1438 3900 quos

350 3903 410 3972 ipre
427 3900 541 3970 despota
558 3901 619 3965 iu'it,
638 3919 669 3952 ac
688 3920 735 3970 per
755 3919 876 3970 magnam
900 3911 1005 3972 portam
1023 3903 1137 3972 palatii,
1155 3903 1202 3954 ubi
1222 3917 1294 3971 papa
1315 3911 1383 3959 erat,
1398 3901 1438 3950 in-

351 3973 434 4040 gressi
453 3980 534 4036 aant;
558 3973 745 4042 imperatorem
765 3989 814 4042 per
839 3974 919 4024 aliam
943 3982 1049 4042 portam
1067 3991 1139 4046 equo
1164 3973 1334 4025 insidentem
1355 3973 1437 4024 intro·

351 4043 496 4095 duxerunt.
525 4059 610 4112 papa,
638 4045 764 4110 cognito,
790 4044 978 4112 imperatorem
1003 4043 1038 4095 ad
1063 4053 1170 4114 portam
1195 4042 1308 4104 adesse,
1329 4040 1437 4094 sumsit

351 4122 380 4166 et
400 4113 591 4174 inambulavit,
610 4114 694 4165 etita
719 4114 806 4182 spatia
832 4115 977 4166 facientem
1000 4115 1114 4169 offendit
1133 4131 1194 4166 eam
1214 4116 1378 4184 imperator:
1395 4109 1437 4180 qui

351 4201 435 4257 quum
455 4185 484 4238 in
509 4199 596 4255 genua
616 4183 699 4238 vellet
724 4183 915 4255 procumbere,
935 4201 991 4240 oon
1020 4185 1048 4238 id
1066 4187 1190 4258 permisit
1208 4201 1296 4257 papa,
1314 4183 1364 4237 sed
1382 4197 1437 4235 ram
