3050 4932
324 325 407 409 532
618 344 783 407 toruus
818 342 1091 408 nuauuosraa

322 499 420 578 πόλει,
441 497 496 560 καί
515 495 571 558 νῦν
590 499 872 578 κατακοιμηθεΐσαι
895 491 1030 579 ζοφερὰν
1053 492 1156 574 αδτην
1177 491 1411 578 ἀπειργάσαντο

321 603 433 684 πάντη.
477 595 533 658 καί
550 592 584 656 τί
602 591 644 675 μη
669 597 749 674 λέγω
769 591 804 657 sd
826 601 979 677 κρεῖττονς
1000 595 1125 678 οδρανιρῖ
1145 615 1178 658 τε
1199 597 1255 657 καί
1272 595 1313 679 γῇ
1332 593 1410 658 ταδ-

321 723 378 783 την
398 695 522 760 εἴκασεν
542 685 582 755 ἄν
596 716 644 766 τις
661 691 718 774 την
739 690 831 758 πόλιν
845 689 1017 774 ου’στόχιος·
1032 693 1068 756 τὸ
1086 697 1145 772 μὲν
1165 692 1226 774 γὰρ
1247 688 1315 757 ὄνον
1333 692 1411 768 τοτἰς

322 801 356 862 ὲν
380 795 476 881 ἀρετῇ
496 787 727 871 διαλάμποντος
749 789 912 876 οἰκήτορας
935 789 1084 874 πρότερον
1105 790 1180 876 ἔχον
1198 795 1296 874 μέρος
1314 793 1411 876 νδρο-

321 899 379 960 νοῦ
407 897 508 968 σῶζον
530 885 566 974 ἦν
586 894 714 974 σχῆμα,
747 888 781 955 τὸ
806 891 889 955 κάτω
922 894 959 956 δὲ
982 895 1038 955 καί
1058 890 1138 975 πρὸς
1157 893 1319 958 θάλατταν
1338 897 1435 977 rsit-5

323 991 357 1058 εἴ
374 1017 422 1067 τις
440 993 468 1056 δ’
490 984 528 1054 ἂν
557 988 614 1054 καί
639 987 804 1055 συνεκτικὰ
825 989 907 1054 εἶ’ττοι
931 989 1063 1066 στύλους
1091 991 1257 1080 sprecilae,
1292 994 1349 1056 οδιι
1370 987 1411 1056 δν

323 1091 471 1175 ἁμάρτοι.
512 1083 539 1154 si
561 1089 744 1174 πράγματος
765 1095 863 1169 ξένου.
887 1087 965 1156 ἔνθα
985 1087 1074 1156 πόνοι
1091 1096 1147 1175 τῆς
1164 1092 1336 1176 α’σκητικῆς
1356 1095 1410 1156 τοῦ

323 1191 438 1266 παντὸς
469 1193 621 1270 ἐτιμῶντο
654 1193 871 1271 παλαίστρας,
901 1189 971 1254 νυνὶ
1001 1193 1156 1275 θεουτυγη
1176 1192 1408 1273 διαπράττεται

324 1293 379 1353 καί
396 1288 471 1363 θεὸς
505 1289 707 1370 ὑπερτίθεται
735 1291 791 1371 την
827 1290 995 1372 ἐκδίκησιν.
1048 1283 1175 1354 datust
1194 1287 1314 1373 α’τοχη,
1345 1293 1410 1364 τοῖς

264 1389 472 1474 3η8τοιοιίτονν
494 1389 646 1470 η’νέοχοο,·
674 1391 799 1470 βέλτιον
820 1383 861 1451 ι’ίν
887 1382 925 1470 ἦν
943 1386 1000 1471 την
1020 1391 1078 1472 γῆν
1098 1391 1297 1470 denegatione
1315 1388 1452 1454 mid-ra

323 1481 557 1572 perdiscitur
578 1489 679 1551 ταῦτα
700 1491 996 1571 μετασκευασθῆναι
1018 1486 1074 1552 τὸν
1096 1487 1223 1570 τρόπον.
1275 1495 1411 1570 κρεῖττιν

323 1583 363 1653 δν
383 1581 421 1670 ἦν
434 1582 482 1651 ἑνί
493 1590 549 1668 τῆς
568 1591 624 1669 γῆς
636 1586 839 1673 ἅνατιναγμηΐ
851 1591 945 1651 τουτί
963 1591 1239 1652 καταπεπτωκέναι
1255 1587 1312 1652 ναί
1329 1589 1412 1670 μηδέ

323 1692 458 1768 λείψανα
477 1689 553 1768 γοῦν
568 1687 829 1770 ε’νιιπολελεῖφθοιι
844 1690 887 1772 aqi
901 1684 1006 1775 τόπηι·
1048 1684 1117 1750 τότε
1137 1685 1198 1769 γὰρ
1219 1687 1261 1750 ου’
1279 1689 1410 1750 τοσοῦτο

322 1787 378 1862 τὰς
400 1787 462 1850 τοῖν
492 1782 636 1868 δρώντων
669 1783 778 1866 ψυχοὶς
805 1785 933 1850 ἔδακνεν
963 1782 1002 1849 δν
1029 1783 1064 1849 τὸ
1096 1783 1209 1861 πάθος.
1256 1787 1333 1872 ἡμῖν
1353 1787 1411 1866 μὲν

322 1891 376 1951 καί
395 1884 429 1952 τδ
452 1887 582 1950 εἰσιέναι
602 1881 691 1950 ἔνδον
705 1888 763 1948 τοῦ
783 1887 1015 1969 θυσιαστηρίου
1037 1883 1175 1970 φοβερὸν
1197 1879 1280 1950 εἶναι
1299 1882 1455 1966 idaeam

322 1989 377 2050 καί
394 1985 503 2067 μόνοις
527 1979 566 2068 ἦν
587 1986 744 2068 εἰσιτητὸν
774 1993 840 2060 τοῖς
870 1987 1071 2067 τεταγμένοις
1105 1987 1139 2050 έν
1162 1985 1281 2074 τοίπερ,
1302 1983 1413 2068 ψυχὴν

323 2087 379 2150 καί
407 2089 500 2165 σῶμα
532 2086 685 2172 πρότερον
714 2088 807 2170 σφίσι
836 2088 1088 2169 καθηραμένοις·
1136 2083 1176 2148 τοὶ
1209 2089 1269 2150 νῦν
1289 2087 1327 2148 δέ
1348 2092 1414 2160 τοῖς

323 2187 490 2267 βδελυροῖς
506 2189 569 2269 φεῦ
583 2184 714 2265 ἀνεῖται,
735 2184 859 2268 κοίτης
878 2183 1027 2267 τοιαύτης
1047 2183 1105 2246 oda
1121 2185 1324 2267 ἀπείργονται
1344 2180 1415 2248 rit·

322 2309 394 2368 μης.
435 2290 489 2347 κατ’
520 2278 591 2348 οὔτε
611 2289 652 2367 γῆ
672 2287 830 2348 διίσταται
858 2282 1006 2357 καίτοδς
1028 2281 1208 2348 aureliensi
1227 2287 1417 2368 χωροῦντας

323 2382 468 2466 χωννδει,
490 2378 564 2446 οὔθ’
585 2379 672 2466 ἥλιος
694 2377 817 2447 ἄνωθεν
838 2388 1043 2467 καταφλέγει,
1073 2375 1094 2466 ἢ
1118 2384 1254 2464 οδρανὸς
1273 2379 1457 2468 σφοδρὸντο

323 2478 417 2544 ὑετόν
437 2485 635 2561 καταπέμπει
656 2487 711 2546 καί
730 2483 883 2546 καταδὺει
911 2483 1088 2565 ια’νόμημοι.
1131 2477 1191 2570 ὅπη
1212 2485 1270 2546 νοῦ
1291 2486 1347 2546 καὶ
1365 2483 1417 2545 αι’-

324 2577 468 2664 σθηοειον
490 2577 585 2664 νηψει
607 2581 706 2646 θείων
721 2585 834 2664 λογίων
850 2575 944 2670 ᾔδετο
958 2586 1038 2667 μέλη
1056 2583 1111 2646 καί
1128 2579 1315 2668 συνᾴδοντες
1336 2574 1417 2668 ηὀιτν

326 2903 432 2958 quaque
453 2889 608 2938 effecerunt.
645 2895 675 2939 et.
692 2887 756 2958 quid
771 2891 1027 2960 praestantissimum
1045 2889 1143 2942 taceo?
1176 2888 1251 2941 caelu
1271 2895 1413 2960 terraeque

324 2959 419 3008 urbem
439 2957 506 3008 banc
523 2959 615 3008 nescio
636 2959 697 3028 quis
714 2970 777 3028 apte
796 2963 994 3012 assimilaverit.
1030 2975 1147 3030 namque
1160 2977 1220 3030 pars
1240 2960 1316 3011 illisa
1334 2973 1412 3028 snpe-

326 3031 389 3088 rlor,
408 3045 477 3098 quae
496 3029 570 3097 prius
588 3027 754 3082 habitatores
768 3033 795 3082 in
813 3033 957 3084 virtutibus
975 3040 1140 3100 praestantes
1153 3031 1225 3084 viros
1244 3031 1413 3092 continebat,

326 3100 410 3157 caeli,
432 3116 492 3168 pers
511 3099 623 3151 inferior
650 3109 679 3152 et
695 3103 761 3152 mari
781 3101 906 3153 siliacens
928 3111 1015 3154 terrae
1041 3103 1150 3170 liguram
1168 3119 1232 3171 prae
1251 3119 1281 3153 se
1299 3099 1412 3154 ferebat.

326 3173 348 3222 si
368 3171 429 3238 quis
447 3186 509 3219 veru
530 3179 559 3221 et
575 3169 712 3222 columnas
734 3173 825 3224 urbem
852 3175 1025 3224 continentes
1049 3173 1189 3236 adiiceret,
1205 3189 1258 3223 nae
1275 3174 1297 3224 is
1316 3189 1333 3222 a
1352 3187 1414 3223 rem

327 3258 382 3292 non
402 3241 572 3291 aberraverit.
610 3259 626 3292 o
646 3259 702 3293 reru
720 3243 899 3312 peregrinam!
941 3243 987 3294 ubi
1014 3243 1119 3296 labores
1138 3243 1346 3296 exercitatoriae
1363 3259 1415 3312 pa·

326 3311 443 3362 laestrne
461 3320 524 3361 ante
544 3314 635 3364 omnia
653 3315 882 3382 praeferebantur,
909 3331 982 3366 nunc
1000 3315 1052 3366 deo
1071 3331 1151 3366 exosa
1172 3315 1371 3378 coniiciuntur3
1386 3321 1415 3364 et

328 3381 394 3432 deus
421 3383 553 3433 ultionem
580 3385 669 3434 reiicit
695 3385 723 3434 in
751 3385 824 3436 aliud
849 3385 974 3453 tempus?
1010 3403 1026 3436 o
1056 3383 1100 3436 dei
1125 3383 1312 3437 tolerantiam!
1346 3399 1414 3454 qno-

328 3453 409 3503 nsodo
426 3453 524 3503 similia
542 3455 714 3507 sustinuisti?
760 3457 857 3508 melius
880 3456 976 3507 luisset
992 3454 1068 3508 biatu
1087 3463 1176 3508 terrae
1194 3458 1305 3507 omnino
1322 3453 1414 3505 absor-

328 3533 373 3592 pta
394 3539 549 3592 essequam
570 3525 598 3575 in
625 3525 697 3576 hunc
726 3526 833 3578 mudum
859 3535 1029 3578 commutata.
1074 3527 1223 3596 optabilius
1240 3526 1341 3578 luisset
1360 3541 1414 3575 nne

330 3601 415 3644 terrae
435 3605 508 3646 motu
528 3595 687 3658 concidisse,
707 3607 737 3647 ut
756 3615 791 3648 ne
803 3599 936 3667 reliquiae
948 3597 1057 3666 quidem
1069 3606 1214 3650 exstarent.
1233 3605 1292 3650 tuna
1313 3595 1413 3647 etenim

329 3681 386 3715 non
404 3665 561 3715 tantundem
586 3668 688 3718 animos
709 3668 874 3720 intuentium
889 3669 965 3719 risina
984 3669 1154 3721 lancinasset.
1191 3666 1270 3718 nobis
1289 3675 1369 3718 antea
1388 3673 1414 3716 et

331 3735 359 3784 in
378 3744 468 3786 sancta
487 3745 636 3787 sanctorum
651 3741 783 3806 ingr‘essus
802 3739 929 3790 terribilis
948 3739 1132 3807 reputabatur,
1149 3755 1200 3790 nec
1216 3739 1270 3789 nisi
1292 3739 1340 3808 qni
1358 3735 1414 3787 illia

330 3804 532 3866 inserviebant,
556 3807 646 3859 aditus
665 3810 693 3860 in
712 3809 758 3860 illa
780 3809 936 3872 habebant,
960 3811 1051 3860 animo
1070 3819 1098 3861 et
1117 3823 1229 3879 corpore
1254 3807 1414 3878 defluentis

330 3891 403 3924 nune
422 3891 484 3927 sero
497 3878 667 3929 exsecrandis
685 3879 758 3931 bisce
776 3883 837 3948 (vae
847 3883 946 3932 misero
957 3879 1022 3930 mibi
1033 3879 1050 3950 l)
1067 3889 1172 3950 patent,
1191 3889 1220 3932 et
1237 3895 1252 3929 a
1270 3879 1352 3930 simili
1368 3893 1415 3928 aa·

331 3943 408 3994 dacia
426 3963 484 3998 sess
509 3965 565 4000 non
592 3949 739 4001 retrabunt.
782 3960 810 4002 et
835 3959 905 4002 terra
927 3967 983 4002 non
1002 3951 1119 4013 fatiscit,
1139 3967 1172 4001 ao
1189 3949 1318 4002 adsersus
1337 3947 1413 4000 densa

330 4016 430 4066 similia
447 4027 576 4069 conantes
595 4037 651 4072 non
665 4023 746 4090 tegit3
764 4023 805 4073 sol
823 4021 941 4091 desuper
957 4037 1013 4072 non
1034 4019 1195 4073 succendit?
1236 4021 1341 4073 eaelum
1359 4035 1415 4070 aaa·

331 4101 382 4152 gna
402 4087 615 4157 turbulentaque
634 4089 793 4161 tempestate
811 4091 927 4144 demissa
944 4093 1031 4144 scelus
1050 4109 1106 4145 non
1124 4091 1239 4160 mergit?
1274 4089 1323 4142 ubi
1340 4105 1416 4140 soen·

331 4157 367 4208 tis
385 4173 565 4226 sensuumque
586 4160 732 4213 sobrietate
750 4159 900 4214 divinorum
924 4163 1093 4232 eloquiorum
1113 4161 1184 4214 mele
1203 4161 1415 4214 concinebantur

332 4243 441 4299 unaque
457 4228 536 4280 simul
549 4228 665 4301 desuper
683 4232 881 4303 intelligentiae
904 4231 1046 4297 canebant,
1067 4249 1246 4288 nanesoouna
1263 4233 1413 4304 ineanplt·
