3018 4928
359 321 443 424 324
670 292 845 410 uuonan
876 317 1119 410 autimas

355 519 466 572 σαντες
487 496 576 583 ου’τρῖ
588 493 820 580 φρονιμώτερον
842 493 945 558 ου’τοό
966 483 1134 578 όνθρονπον
1147 491 1181 554 έν
1193 493 1232 578 τῇ
1251 491 1362 577 Ἰταλέρ
1381 493 1425 554 osia

354 591 448 678 εόδον,
483 595 513 660 εἰ
532 593 577 678 μό
607 593 661 660 διό
683 597 796 658 κακίαν
826 596 883 656 aar*
902 589 1041 678 φθόνον·
1083 591 1140 653 aix
1160 583 1225 654 οέδε
1245 588 1306 673 γόρ
1325 590 1340 652 ό
1362 587 1427 676 pti·

354 720 406 771 νος
434 697 590 778 προτιμᾶν
622 691 657 758 τό
689 695 862 778 συμφέρον.
912 683 950 776 ἦν
978 693 1015 754 δὲ
1047 687 1084 754 τό
1112 687 1214 753 αἴτιον
1242 685 1355 752 τοότου
1381 691 1426 752 τοῦ

353 795 530 861 Ἀλωόσέου
552 793 670 858 Διέδου
690 793 748 855 τοῦ
764 791 838 856 ποτὲ
856 788 1099 870 μεσιτεύσαντος
1118 789 1171 852 ἵνα
1192 786 1208 851 ό
1229 780 1425 871 μακαρότρςό

353 895 510 976 αὐθέντης
534 915 597 972 μου
630 885 648 952 ό
676 885 737 972 ιιόρ
764 892 1013 968 Κωνσταντῖυος,
1041 885 1195 968 δεσπότης
1224 881 1268 950 οόν
1298 886 1364 950 τότε
1391 887 1445 972 τρῖς

351 995 452 1077 νιαιρρῖ
468 993 502 1054 έν
519 991 558 1077 τῇ
574 987 814 1074 Πελοποννήσῳ,
837 984 918 1073 λα’βγ,
940 990 985 1064 εἰς
1005 993 1138 1068 γυναῖκα
1160 987 1261 1048 αότοό
1275 983 1331 1068 τόν
1348 987 1425 1048 τοόόε

350 1094 409 1154 τοῦ
434 1087 543 1163 δουκός
564 1089 729 1169 θυγατέρα
748 1085 827 1166 μετὰ
851 1081 980 1168 προικός
1000 1085 1126 1166 πολλῆς.
1169 1083 1187 1146 ό
1206 1077 1265 1148 σόν
1288 1077 1426 1165 αόθένιιγς

352 1211 416 1268 μου
444 1187 482 1249 οὐ
511 1189 554 1250 δι’
583 1181 659 1250 itio
688 1187 720 1248 ci
746 1183 791 1266 μὴ
819 1185 872 1248 ἵνα
893 1187 1018 1266 γένηται
1047 1181 1221 1246 uicesimi
1241 1177 1426 1257 αότόςνοόό

352 1285 446 1362 τόπος
466 1287 568 1349 mirari
587 1283 667 1362 μετὰ
690 1287 745 1366 τῆς
761 1281 898 1358 Ἑνετιάς
919 1285 972 1363 ἓν,
993 1283 1232 1361 συνενατέβαινε
1252 1284 1291 1370 τῇ
1312 1281 1425 1366 τοιαόιρ

352 1385 525 1472 δγγιστιιλγ,
548 1385 628 1464 ἐμοῦ
648 1407 680 1446 τε
710 1385 766 1446 καί
785 1373 890 1445 ‹iiius›
922 1377 1074 1444 πλειόνων
1095 1379 1326 1444 συναινοόνταιν
1348 1381 1458 1445 ruitura

352 1483 408 1548 arai
426 1477 666 1565 ἀναγκαζόντων
693 1479 807 1564 σχεδόν
828 1474 888 1564 ἤδη
918 1480 1043 1563 ἐγένετο.
1085 1475 1130 1555 cir
1153 1482 1189 1544 δὲ
1207 1481 1331 1562 ἐγένετο
1349 1483 1424 1562 βασι·

352 1581 426 1657 λεός
450 1583 505 1644 καί
537 1583 679 1664 α’πῆλθεν
699 1583 744 1655 εἰς
764 1577 819 1662 τόν
839 1575 955 1662 πόλιν,
985 1580 1077 1643 τοῦτο
1102 1575 1258 1642 α’νοέκειον
1280 1573 1335 1663 ἦν·
1372 1579 1425 1650 πός

350 1681 411 1764 γὰρ
434 1679 586 1744 έδόναντο
609 1678 638 1744 οἱ
653 1683 708 1763 τῆς
722 1679 838 1753 πόλεως
852 1669 1004 1759 όρχοντες
1024 1680 1080 1740 κατ’
1099 1677 1309 1770 α’ρχόντισσαι
1330 1677 1426 1760 ιιυρέαν

317 1763 324 1782 ’
351 1783 406 1844 arni
417 1781 585 1844 δέσποιναν
597 1778 702 1842 atrata
716 1775 953 1860 καταδεχθῆναι
966 1776 1089 1840 Ἔνετοό
1109 1779 1285 1860 θυγατέρα,
1298 1780 1351 1841 arai
1364 1771 1426 1848 νοός

350 1878 515 1964 γαμβροός
537 1877 639 1942 nicasi
660 1869 860 1952 τοόςόλλους
880 1878 936 1940 καί
956 1874 1047 1950 υὶοός
1068 1873 1292 1958 συγγόμβρους
1312 1874 1365 1940 arai
1379 1876 1460 1956 γυ-ι5

350 1975 580 2061 ναικαδελφοός
600 1970 745 2062 εἶναιτῷ
766 1979 905 2058 βασιλεῖ,
929 1973 1058 2052 ένόόξου
1080 1977 1139 2054 μὲν
1159 1973 1236 2048 λαως
1258 1975 1312 2038 καὶ
1330 1971 1425 2048 όουιιός

350 2071 448 2156 όντος,
471 2073 550 2139 ἄλλό
574 2071 765 2159 πρόσκαιρος
785 2067 835 2158 ἦν.
877 2071 935 2138 ναΐ
960 2065 1057 2148 αόθις
1075 2072 1155 2151 μετὰ
1178 2073 1212 2137 τό
1235 2075 1365 2155 βασιλέα
1382 2093 1426 2153 γε-

349 2179 462 2240 νέσθαι
497 2173 553 2238 τόν
586 2177 744 2257 αδθέντρν
763 2196 827 2254 μου
858 2170 877 2235 ό
910 2169 986 2250 δοόξ
1015 2171 1124 2258 ιέζὴτειΙ
1139 2171 1173 2236 τό
1196 2180 1338 2254 τοιοῦτο,
1367 2171 1425 2234 αλλ’

349 2267 555 2358 όπεπέμφθρ.
580 2275 681 2337 ἕνεκεν
698 2271 813 2336 τοότου
833 2270 941 2335 λοιπόν
961 2269 977 2333 ό
994 2265 1160 2353 ἅνθρωπος
1173 2277 1294 2354 ἐγένετο
1315 2267 1424 2353 ἐχθρός

349 2369 405 2435 κατ’
427 2371 526 2434 πολλό
553 2370 691 2445 εἰπόντος
713 2375 771 2434 τοῦ
789 2371 961 2434 Ἀλωόσιόυ
984 2371 1196 2452 Λαυρεδόνου
1221 2369 1276 2434 κατ’
1294 2373 1349 2434 rusi
1367 2371 1460 2434 Ἀν-ιο

349 2469 461 2533 τωνόου
484 2469 601 2534 Ariciae
630 2470 686 2530 arni
709 2460 813 2531 ἄλλων
837 2469 975 2550 πολλῶν,
997 2471 1053 2532 κατ’
1081 2469 1313 2547 ἀποδειξάντων
1340 2461 1426 2531 istri

321 2566 405 2633 Βκαί
423 2563 442 2652 ἧ
460 2564 550 2642 πόλις
578 2565 709 2654 όλορθῇ,
732 2570 862 2650 πλεέστιγ
885 2566 980 2651 ζημία
1008 2571 1177 2649 συμβαίνει
1198 2569 1255 2634 κατ’
1273 2571 1313 2654 τῇ
1332 2560 1425 2633 αὐτόν

421 2783 446 2854 ό.
466 2783 516 2838 rori
534 2782 573 2856 ru]
593 2783 700 2840 ἐκείνου
720 2801 750 2837 rr·
770 2782 789 2835 Ρ

349 3027 413 3064 vern
435 3011 515 3064 etiam
534 3009 599 3071 alii,
627 3011 675 3080 qui
693 3025 755 3060 eum
773 3009 905 3062 vidissent
923 3016 952 3061 ct
969 3025 1029 3064 cum
1048 3025 1081 3064 co
1100 3011 1231 3064 coiiu'cuti
1259 3019 1354 3074 essent,
1369 3027 1423 3080 pra·

349 3083 499 3134 detstiorem
520 3079 658 3132 homiuem
676 3080 705 3131 in
729 3079 806 3132 italis
827 3083 911 3132 visum
931 3096 989 3132 esse
1017 3081 1160 3150 negabant.
1198 3092 1227 3134 at
1245 3081 1366 3135 obstabat
1380 3097 1422 3132 nr·
1495 3121 1496 3126 ,

349 3154 436 3222 quitis
455 3160 483 3202 et
502 3150 614 3202 insidia.
651 3151 738 3201 nescit
755 3152 826 3202 euim
846 3149 947 3202 invidis
965 3149 1097 3204 honorare
1128 3153 1284 3206 utilitatem.
1301 3155 1373 3204 cuius
1390 3149 1421 3200 ssi

349 3241 428 3275 causa
449 3230 507 3274 erst
522 3221 645 3287 Aioysius
668 3219 778 3283 Dicdus,
802 3219 850 3290 qui
869 3221 934 3272 olins
955 3231 1103 3286 curaverat,
1128 3231 1160 3275 ut
1178 3224 1275 3276 beatae
1292 3221 1421 3276 memoriae

370 3295 474 3362 rinceps
494 3309 582 3354 ancus,
603 3291 796 3344 Constantinus
827 3289 966 3354 domiuus,
986 3291 1098 3362 desputa
1118 3302 1174 3346 tuus
1193 3295 1222 3346 in
1241 3295 1421 3364 Peloponneso,

349 3313 430 3414 iuius
453 3363 528 3414 ducis
548 3363 631 3413 tiliam
649 3377 709 3411 cum
734 3377 829 3430 magna
850 3360 914 3414 dote
933 3379 1042 3414 uxorem
1060 3363 1181 3417 duceret.
1218 3368 1341 3436 princeps
1357 3377 1421 3415 meus

349 3451 406 3485 uon
427 3433 507 3484 aliam
528 3431 563 3482 ob
582 3447 701 3492 causans,
719 3432 771 3482 nisi
791 3440 821 3483 ut
840 3431 898 3501 ipss
920 3442 948 3484 et
974 3433 1141 3503 principatus
1161 3453 1222 3488 cusu
1242 3437 1349 3488 Venetis
1367 3435 1420 3484 iun·

350 3511 487 3572 gerentur,
506 3519 565 3553 eam
583 3501 738 3553 affinitatem
756 3499 876 3565 admisit,
895 3503 974 3554 uobis
996 3511 1024 3556 et
1042 3505 1102 3556 eliis
1119 3505 1213 3558 multis
1233 3508 1261 3558 id
1281 3503 1420 3578 approban-

350 3576 423 3626 tibus
443 3583 471 3626 et
490 3581 520 3624 ut
538 3574 617 3624 fieret
634 3588 720 3640 paene
744 3573 909 3641 cogentibus.
946 3573 995 3625 sed
1018 3583 1161 3644 postquam
1183 3577 1328 3647 imperator
1346 3576 1420 3626 iretur

351 3655 392 3696 est
414 3652 441 3695 et
460 3645 489 3694 in
507 3643 600 3694 urbem
619 3643 700 3706 veuit,
718 3642 916 3694 incommodum
934 3653 1000 3696 erat„
1037 3645 1174 3766 {uomodo
1193 3651 1265 3700 eninr
1282 3647 1337 3698 fieri
1353 3653 1420 3716 pote·

350 3723 400 3776 rat,
424 3723 455 3766 ut
473 3715 588 3765 civitatis
617 3713 665 3764 viri
693 3713 854 3765 etieminae
881 3716 1016 3784 principes
1059 3718 1174 3768 ominssn
1195 3727 1223 3770 et
1242 3717 1420 3786 imperatricem

351 3785 504 3853 reciperent
523 3783 622 3834 Veneti
639 3782 732 3846 filiam,
749 3793 777 3836 rt
794 3786 886 3851 generi
903 3801 933 3836 ac
958 3785 1008 3836 iiiii
1029 3787 1087 3837 eius
1107 3787 1199 3840 affines
1222 3787 1382 3858 imperaturis
1398 3789 1421 3832 rt

351 3853 446 3905 iratres
464 3854 640 3922 imperatricis
658 3853 765 3906 esseut?
783 3855 1005 3924 quandoquidem
1024 3855 1079 3908 siun
1097 3855 1244 3922 honoratus
1261 3861 1347 3910 sursau
1364 3860 1420 3910 mis

352 3923 399 3974 seri
418 3921 452 3972 nd
469 3925 682 3992 tempuslectus.
720 3932 803 3993 atque
821 3925 876 3975 dux
892 3925 1002 3995 quidem
1022 3928 1103 3979 etism
1151 3938 1194 3981 nst
1212 3947 1290 4002 quarn
1310 3927 1419 3980 dominus
1494 3955 1495 3966 s

351 4009 427 4044 meus
446 3995 589 4062 imperator
610 3993 696 4044 sactus
718 4003 776 4057 est,
805 3993 870 4046 huic
896 3997 1032 4048 connubio
1058 3945 1194 4060 instaist,
1212 3999 1259 4051 sed
1278 3997 1418 4068 repudiatas
1494 4029 1495 4048 ι

352 4071 401 4114 est.
448 4062 655 4130 propterhanc
681 4081 786 4114 causam
813 4066 896 4130 igitur
919 4069 942 4117 is
966 4067 1047 4118 nabis
1071 4069 1193 4120 inimicus
1213 4079 1283 4130 erat,
1303 4077 1329 4120 rt
1347 4079 1418 4136 quw¹¹

351 4133 435 4185 marita
459 4131 906 4199 dixissentiiioysiusLaurrdanus
924 4137 1094 4190 rtAutouiut
1112 4140 1215 4192 iiicdus
1235 4150 1260 4192 rt
1279 4140 1324 4190 ciii
1342 4135 1417 4190 inuiti,

352 4203 642 4273 arraonssrassenrqae,
673 4205 694 4254 si
714 4204 777 4256 urbs
796 4213 946 4277 caperetur,
967 4224 1063 4279 sargus
1081 4207 1245 4266 detrimenta
1261 4211 1338 4262 etiam
1355 4207 1415 4276 ipso·
