3050 4932
342 287 426 392 ὅου
646 329 813 396 rosums
842 325 1117 394 uusouosme

337 485 486 569 ρηκέναι,
508 480 563 544 κατ’
583 477 627 554 τός
658 485 752 544 πλοῖα
773 473 1070 564 παρασκευόοειαν,
1092 475 1148 542 κατ’
1165 477 1291 552 τούτοις
1310 477 1350 540 tr'
1370 477 1428 540 sisi

336 585 396 650 τού
415 577 495 646 κατὰ
516 578 679 644 θάλατταν
698 583 816 663 μέρους
845 574 947 652 ἰόντες
976 579 1059 660 πρός
1084 573 1194 651 διττός
1211 572 1428 659 ἀναγκάσωσιν

337 681 422 767 ἡμᾶς
450 679 669 764 α’σχοληθῆναι
700 679 884 764 φροντίδας.
934 673 1025 741 ’όκαέ
1047 674 1176 764 σφόδρα
1199 675 1256 752 τός
1275 675 1429 758 ἡμετέρας

277 779 449 863 δλθψυχός
471 775 635 861 διετάραξε
657 779 712 842 καί
731 780 777 853 εἰς
796 779 931 862 α’πορίαν
950 779 1096 858 ἐνέβαλεν
1119 771 1196 860 dopo
1207 825 1217 857 ,
1247 775 1292 850 nic
1309 773 1429 858 βλάβην

336 880 413 966 ἡμῖν
433 880 609 958 δυνάμενον
628 871 667 942 ού
685 876 742 962 τήν
758 879 921 960 τυχοῦσαν
941 878 1120 960 ἐπαγαγεῖν.
1140 878 1245 960 δείλης
1263 879 1450 960 τοιγαρούν5

334 981 474 1062 ταντπσέ
499 979 703 1062 γεγενημένης
728 981 787 1091 τῆξ
803 977 967 1061 οἶγγελέας,
987 979 1043 1040 κατ’
1061 971 1189 1040 πόντων
1211 973 1302 1059 ἡμῶν
1322 977 1359 1039 έν
1381 999 1431 1038 πε-

335 1076 477 1166 ριστάσει
499 1081 555 1142 καί
575 1082 737 1162 λογισμοῖς
766 1101 864 1142 οντων
885 1079 951 1152 ποῖς
974 1071 1013 1142 όν
1036 1077 1256 1159 secessuque
1276 1073 1358 1160 πρός
1380 1075 1431 1140 τὸν

335 1179 484 1260 πόλεμον,
507 1175 609 1260 πόσης
628 1199 662 1241 τε
682 1174 799 1258 σχεδόν
829 1176 955 1259 ἡλικίας
976 1167 1072 1260 ούσρς
1093 1177 1128 1240 ἐν
1149 1173 1344 1259 έγρηγόρσει,
1365 1173 1431 1258 der}-

335 1301 402 1354 σοις
423 1280 556 1352 ἐκτενεῖς
577 1278 644 1364 θεῷ
664 1279 719 1340 κατ’
736 1278 780 1362 τῷ
799 1271 984 1364 μυροβλύτῃ
1003 1273 1144 1359 μάρτυρι
1159 1275 1233 1339 καθ’
1256 1270 1334 1359 όλην
1357 1277 1430 1339 έκεῖ-

335 1402 392 1462 sps
411 1376 634 1460 προσαγόντων
654 1374 712 1460 τὴν
731 1371 827 1439 νύκτα
851 1374 982 1458 (πάντες
1000 1371 1062 1459 γύρ
1092 1367 1213 1462 ᾔδεσαν
1233 1375 1267 1438 έν
1286 1376 1358 1464 χρῷ
1379 1377 1431 1438 τοῦ
1442 1399 1470 1440 ιο

335 1475 483 1541 κινδύνου
504 1473 768 1560 καθεστηκέναι),
802 1471 831 1540 οἱ
852 1479 989 1539 Λατῖνοι
1009 1478 1085 1557 περί
1105 1477 1223 1538 πολλού
1246 1472 1282 1538 τό
1306 1477 1367 1536 τού
1386 1477 1433 1538 αι’.

334 1579 450 1660 γιαλοῦ
472 1574 656 1656 ποιούμενοι
675 1577 773 1656 μέρος
803 1571 856 1638 διό
885 1571 943 1648 τοὶς
964 1581 1050 1656 τρεῖς
1073 1573 1111 1637 nt*
1123 1575 1271 1657 παρῆσαν
1289 1576 1329 1661 τῇ
1350 1572 1433 1637 πόλει

335 1673 493 1760 τριήρεις,
519 1673 563 1758 μὴ
589 1671 687 1758 πυρός
712 1671 804 1757 ἔργον
822 1669 942 1747 ταύτας
961 1669 1109 1750 ἐλθόντες
1130 1669 1161 1736 οῖ
1186 1676 1323 1757 Τσῦρκοι
1346 1675 1432 1756 παρ’·

335 1797 437 1856 σωσι,
458 1770 534 1847 τούς
560 1774 815 1858 constaturus,
836 1777 1088 1857 μεμερισμένους
1116 1765 1208 1848 ὄντας
1229 1771 1285 1836 έπέ
1307 1775 1434 1860 φυλακῇ

335 1873 544 1956 τοῖν“τειχυῖν,
565 1871 791 1956 ύπαναχωρεῖν
811 1871 928 1947 αύτούς
948 1869 1122 1954 περιιόντες
1136 1873 1352 1956 ἐπέσκηπτον,
1373 1873 1472 1938 sossi

336 1964 444 2038 ἄλλων
464 1971 523 2056 τὴν
551 1975 666 2054 σκέψιν
696 1968 816 2056 ταύτην
845 1969 890 2055 μὴ
909 1970 1135 2054 γινωσκόντων,
1158 1974 1234 2058 μηδ’
1255 1966 1336 2056 όπερ
1358 1973 1435 2036 ἐκεῖ·

335 2068 440 2157 νοιςῆ
465 2069 528 2136 dni
549 2073 611 2136 τῶν
632 2073 748 2152 τειχῶν
767 2070 920 2152 βούλεται
942 2067 1154 2155 ἀναχώρησις.
1198 2073 1229 2137 εἰ
1246 2071 1307 2156 γὰρ
1336 2075 1435 2136 καθα·

336 2176 400 2258 ριῖς
420 2171 576 2255 έγόμνουν
605 2167 642 2235 τό
667 2173 821 2254 πρᾶγμα,
851 2169 894 2246 οῖς
923 2171 978 2236 ius*
997 2173 1126 2257 φυλακῇ
1153 2174 1211 2236 τού
1230 2174 1357 2252 λιμένας
1384 2175 1438 2236 soi

335 2275 401 2338 τεόν
420 2275 558 2356 τριηρῶν
585 2268 837 2352 κατοβιβόζονσι
866 2267 994 2346 τούτους
1015 2271 1072 2332 τοῦ
1096 2269 1243 2353 τεύχους,
1272 2269 1436 2345 εὐέλπιδες

338 2365 379 2436 όν
398 2364 479 2455 ἦσαν
501 2369 530 2435 ολ
553 2372 825 2454 περιλελειμμένοι
843 2373 886 2456 τῷ
904 2370 1013 2451 τεύχει,
1036 2369 1093 2432 καί
1112 2371 1170 2432 osis
1191 2365 1232 2434 όν
1252 2367 1359 2456 φυγὴν
1380 2369 1474 2437 nsi-ao
1517 2431 1518 2439 ,

337 2471 400 2534 τεόν
432 2466 652 2535 ύπετόπασαν.
704 2469 773 2532 ἀλλ’
802 2463 914 2553 ἥκιστα
943 2470 1066 2552 γέγονεν
1087 2463 1190 2551 ούτω,
1222 2469 1435 2552 νόντεύθενῆ

278 2589 332 2660 ³³9
340 2569 465 2634 ἐκείνων
485 2565 547 2632 α’πὸ
568 2569 625 2632 soii
645 2570 771 2650 τεύχους
798 2564 960 2643 διάστασις
980 2569 1101 2632 desistes
1132 2567 1171 2633 ού
1193 2565 1252 2652 τήν
1271 2569 1436 2652 τυχοῦσαν

338 2675 408 2745 ταῖς
426 2665 574 2732 ἁπάντων
586 2667 676 2752 ε’·νῆνε
691 2675 825 2750 ψυχαῖς,
841 2668 896 2733 καί
917 2663 998 2732 sossi
1017 2664 1052 2734 τό
1076 2669 1173 2751 μέσον
1191 2665 1270 2734 αύτό
1293 2671 1350 2754 τῆς
1380 2693 1433 2734 νυ.

363 2843 603 2908 Ι-ΉούοιυᾸ
640 2921 643 2928 Δ

339 3026 386 3062 ses
404 3025 515 3080 quoque
535 3023 726 3082 praeparasse,
744 3007 844 3078 quibus
856 3023 906 3080 per
924 3021 996 3060 mare
1016 3008 1168 3080 irrumpens
1186 3007 1289 3080 duplici
1308 3027 1358 3062 uos
1375 3027 1429 3060 mc·

340 3079 419 3132 lestis
434 3081 582 3132 afflictaret.
604 3079 652 3132 sed
668 3080 850 3149 maximopere
869 3081 987 3131 rationes
1000 3089 1104 3132 nostras
1118 3081 1301 3142 conturbavit,
1319 3099 1427 3150 sospen-

340 3169 439 3220 sosque
451 3151 498 3201 diu
512 3151 601 3202 tenuit
611 3151 723 3212 animos,
737 3159 864 3219 tunquam
875 3149 950 3222 quod
962 3151 1057 3218 ingens
1071 3159 1275 3220 apportaturum
1287 3161 1361 3204 esset
1378 3169 1428 3203 ατο·

339 3223 414 3286 isim,
437 3231 464 3273 et
482 3222 647 3273 discruciatis
668 3231 776 3291 pectore
796 3223 944 3273 consistere
966 3223 1074 3272 consilii
1092 3221 1161 3272 nihii
1179 3231 1296 3292 poterat.
1318 3223 1369 3275 hoc
1386 3241 1425 3273 ae-

340 3303 418 3362 cepto
439 3294 540 3343 mmcio
559 3291 610 3343 sub
628 3309 775 3362 vesperem,
794 3309 854 3342 cum
865 3293 946 3343 variis
967 3293 1173 3344 necessitatibus
1193 3309 1359 3361 urgeremur,
1377 3293 1427 3344 dis-

341 3364 563 3432 trutseresuurque
588 3363 806 3414 solicitudinibus
827 3379 880 3432 quo
899 3371 980 3434 pacto
999 3379 1049 3414 nos
1076 3366 1104 3414 in
1120 3363 1195 3416 betto
1215 3381 1386 3432 gereremus,
1402 3371 1425 3412 et

340 3436 428 3486 omnis
454 3435 593 3484 hominum
622 3443 695 3486 aetas
722 3435 876 3500 evigilaret,
904 3449 998 3503 preces
1017 3433 1068 3485 deo
1090 3443 1118 3485 et
1135 3435 1308 3502 myrobiytse
1326 3433 1424 3500 mamyri
1515 3479 1516 3487 ,

341 3523 390 3576 per
418 3513 500 3556 totum
527 3505 602 3554 ittam
628 3511 736 3556 noctem
762 3505 940 3568 effundimus,
966 3505 1110 3556 imminens
1128 3505 1264 3575 siquidem
1284 3507 1421 3578 periculum

341 3585 501 3645 certsrmque
528 3583 590 3626 ante
621 3577 713 3626 oculos
733 3583 799 3626 erat.
847 3577 938 3626 Latini
962 3593 1026 3627 vero
1045 3585 1147 3645 partem
1176 3577 1266 3628 litoris
1284 3576 1419 3646 pendentes

341 3647 460 3709 maximi,
482 3648 561 3698 trium
581 3645 727 3698 triremium
746 3663 834 3710 causa,
855 3661 924 3715 quae
943 3648 971 3698 in
989 3649 1083 3698 urbem
1102 3655 1321 3717 penetraverant,
1337 3665 1371 3700 ne
1386 3661 1418 3698 en

342 3717 456 3768 flamusis
484 3735 531 3767 suo
556 3715 674 3768 adventu
696 3717 801 3768 Turcne
833 3716 1023 3780 absumerent,
1047 3719 1199 3786 sagittarios
1225 3719 1261 3770 ad
1285 3717 1420 3771 custodian

343 3803 479 3838 murorum
498 3787 655 3858 dispertitos
674 3789 821 3850 secedere,
842 3789 897 3839 aiio
921 3797 1002 3858 atque
1020 3789 1076 3840 atio
1100 3789 1266 3857 migrantes,
1286 3791 1421 3842 iusserunt.
1514 3795 1515 3840 ἶ

344 3859 458 3928 reliquis
487 3875 592 3913 causam
619 3859 656 3910 rei
677 3857 863 3927 ignorantibus
886 3867 914 3909 et
935 3857 1002 3928 quid
1021 3877 1036 3910 e
1055 3860 1137 3910 muris
1155 3863 1273 3912 secessio
1300 3863 1420 3914 innoeres.
1514 3865 1515 3870 ’

345 3931 446 3980 etenim
467 3929 489 3979 si
510 3931 609 3982 tacturus
625 3929 708 4000 plane
727 3931 903 3997 oportuissent,
919 3931 956 3981 ed
975 3930 1184 3982 custodiendum
1205 3933 1312 3984 scilicet
1328 3939 1420 4002 portum

344 4009 372 4050 et
392 4002 515 4051 triremes
532 4015 579 4051 eos
597 4017 613 4050 a
640 4001 722 4054 muris
744 4001 859 4062 auocari,
877 4003 923 4069 qui
948 4003 976 4052 in
994 4005 1078 4051 muris
1096 4001 1281 4054 defendendis
1299 4015 1420 4053 remanse-

343 4080 412 4130 rant,
434 4087 482 4139 spe
501 4087 556 4121 uon
575 4071 646 4122 mata
664 4071 773 4132 iactati,
800 4071 889 4137 iugasn
916 4071 990 4122 iilum
1009 4089 1068 4122 esse
1087 4073 1214 4142 suspicati
1235 4091 1289 4125 non
1309 4073 1418 4124 tuissent
1513 4091 1514 4140 ι

344 4140 392 4192 sed
409 4141 438 4192 id
460 4141 514 4191 atio
531 4141 611 4192 modo
630 4142 735 4204 evenit,
755 4150 888 4192 eteorum
907 4159 922 4192 a
940 4143 1024 4195 mitris
1037 4157 1158 4194 secessus
1175 4145 1319 4194 mazoeum
1336 4143 1362 4192 in
1378 4155 1418 4208 ps-
1448 4179 1454 4188 .

344 4221 419 4266 ctore
436 4213 555 4266 oinninsn
570 4219 672 4268 meson
690 4211 795 4276 iniecit,
814 4211 884 4266 adeo
901 4219 932 4266 ut
959 4213 1050 4266 media
1064 4214 1126 4284 ipsa
1143 4223 1224 4268 nocte
1244 4215 1307 4286 toga
1323 4213 1419 4265 enses·
