3050 4932
204 255 258 318 ne
274 245 828 320 rumsssourceuernxeruro
845 243 1072 310 seuuemo.
1100 211 1204 325 1139r

112 402 241 488 τύνδρύς
261 401 476 490 δστερὴμεθα,
498 397 597 482 μόνου
615 401 872 484 περιλειφθέντας
892 397 927 462 ἂν
944 391 1097 468 τοιούτοις
1116 415 1189 456 και.

111 513 176 588 ροῖς
203 501 258 566 καί
280 500 438 579 τοσούτοις
467 501 613 582 ἀνιαροῖς
650 501 695 574 εἰς
727 495 940 581 παραμύθιον.
990 490 1107 566 πάντες
1126 490 1250 574 γύρςῃε

110 601 212 686 ύσπερ
232 601 301 666 sessi
324 601 460 683 δύναμιν
483 597 614 682 ζωτικὴν
625 601 668 671 ,δν
696 596 771 683 ἡμῖν
794 595 978 677 ἐνομίζομεν
997 593 1114 668 τούτου,
1136 592 1192 654 καί

108 699 165 785 τήν
184 695 332 784 τελευτὴν
351 699 469 765 ἐκείνου
490 701 590 782 μηδὲν
619 689 695 762 itae
715 695 853 776 νομιζειν
879 691 1006 776 εἴχομεν
1024 685 1047 775 ἢ
1065 691 1119 772 τῆς
1138 689 1190 773 ἐφ’

83 799 192 882 δῆμιῖς
210 801 268 863 τού
299 803 378 864 θεοῦ
399 795 597 880 δικαιοτάτης
618 797 764 872 παιδειάς
791 787 858 860 οἷον
876 797 1050 874 προοίμιόν.
1098 789 1191 852 τούτο

104 901 167 962 sciis
186 905 344 963 κατειπεῖν
362 895 526 986 ᾑρημένων
540 897 660 974 ἐκείνου
674 895 871 981 σαφδστατος
882 889 1020 974 ἔλεγχος,
1042 884 1097 952 καί
1115 883 1191 961 τούς

106 999 231 1062 α’δεκίαν
250 1003 319 1062 κατ’
341 996 461 1061 ἐκείνου
481 996 651 1070 λαλοῦντος
684 989 734 1060 δτι
765 991 810 1077 μὴ
832 993 1005 1076 προδοσίαν
1025 990 1190 1070 ἐσκέψατο,

104 1099 184 1180 μηδὲ
205 1095 270 1162 sois
289 1095 382 1182 σφίσι
395 1097 567 1162 δοκούντων
586 1096 750 1170 συνιέντας
763 1095 954 1176 βαθύτερον,
976 1090 1104 1161 ἐνδίκως
1122 1087 1191 1152 ε’πι.

104 1197 254 1275 οτομιζει.
296 1190 386 1276 οἶμαι
408 1194 471 1278 γὰρ
494 1189 571 1278 byei,
606 1198 709 1274 δεῖξαι
730 1189 898 1277 βουληθείς
917 1189 934 1254 ὁ
955 1185 1029 1264 θεὸς
1050 1179 1113 1261 οἷος
1131 1187 1192 1267 μὲν

64 1291 120 1362 sod
138 1292 225 1378 ἱερύς
247 1297 365 1370 ἐκεῖνος
397 1291 475 1379 α’νῆρ
502 1293 558 1359 καί
575 1295 667 1359 τιύιυν
687 1287 774 1372 ἄξιος
798 1285 858 1376 ἦν,
890 1283 951 1357 οἷον
973 1289 1001 1353 δ’
1022 1285 1113 1371 ἡμεῖς
1136 1287 1192 1350 καί

103 1396 190 1470 τίνας
222 1397 456 1477 εἰσπραχθῆναι
486 1397 576 1469 δίκας
606 1395 721 1458 δίκαιοι
744 1385 844 1475 ἦμεν,
866 1387 919 1454 sissi
944 1391 1035 1454 τούτο
1055 1385 1094 1452 τύ
1116 1387 1191 1448 καθ’

101 1485 252 1578 δεύτερον
271 1497 370 1578 μέρος
388 1489 486 1570 ούτως
507 1493 685 1581 ιμ’κονδμηαε
704 1489 940 1578 συμφερόντως.

172 1591 227 1658 ·δ’.
276 1589 397 1658 Τούτου
419 1585 475 1656 ούν
493 1595 550 1658 τού
571 1595 696 1670 δεινού,
719 1593 774 1675 τῆς
793 1591 941 1674 τελευτῆς
961 1591 1080 1655 ἐκείνου
1101 1589 1194 1672 φημί,

103 1693 374 1776 προστεθειμένον
404 1701 471 1767 τοῖς
492 1683 621 1774 ἄλλοις,
654 1690 709 1756 καί
733 1689 855 1756 πάντων
881 1693 945 1755 τῶν
971 1691 1005 1754 ἐν
1024 1691 1065 1776 τῇ
1087 1684 1194 1766 πόλει,

59 1789 229 1874 ι5δνδροδν
249 1795 412 1874 γυναικοῖν
435 1795 558 1856 παίδων
577 1793 726 1857 Λατίνων
743 1813 778 1854 τε
806 1791 861 1854 καί
885 1787 991 1854 αύτύν
1013 1786 1194 1864 Ἰουδαίων,

96 1891 246 1968 ἐλεεινῶς
288 1888 369 1974 πρδς
398 1884 554 1976 ύλλήλους
575 1885 809 1970 δισμιλούντων,
830 1885 888 1952 καί
906 1883 944 1952 τύ
963 1889 1022 1966 μὲν
1043 1879 1111 1950 dit·
1132 1877 1194 1948 durs

39 2033 43 2044 ι
96 1984 228 2068 τούτους
257 1991 360 2069 διτίεζε
390 1992 535 2074 δηλονότι
565 1993 606 2076 τῇ
635 1987 716 2076 λήθῃ
742 1985 1029 2072 παραπεμπόντων,
1058 1983 1116 2068 τὴν
1138 1984 1195 2047 τοῦ

94 2093 256 2171 ποιμένος
276 2091 312 2155 di
331 2090 479 2174 στέρησιν
498 2085 553 2153 ἐπί
565 2093 640 2154 νούν
652 2085 877 2170 λαμβανόντων
896 2087 952 2150 καί
964 2087 1105 2166 συνεχῶς,
1118 2103 1196 2164 προ-

95 2185 291 2273 φερόντων,
320 2191 377 2272 τῆς
399 2191 461 2254 τού
479 2192 563 2253 θεού
584 2211 619 2254 τε
640 2191 798 2268 παιδείας,
818 2185 862 2261 ὥς
883 2179 1041 2269 προύφην,
1064 2182 1120 2246 καί
1139 2185 1195 2264 τῆς

51 2289 310 2374 αογεγενρμένης
331 2287 479 2366 ἁλύσεως
500 2291 555 2352 καί
572 2286 724 2372 λεγόντων
743 2295 872 2372 σημεῖον
884 2287 976 2350 τοῦτο
994 2283 1050 2348 καί
1069 2293 1259 2346 nauseo-³26

95 2389 204 2471 σ’νιων,
227 2425 277 2439 -
290 2383 393 2464 ούτως
412 2383 469 2454 σύν
488 2389 711 2470 διατεθέντων,
732 2387 789 2451 καί
809 2385 916 2469 ύλίγου
939 2379 978 2468 δὴ
998 2403 1079 2461 τινας
1100 2383 1133 2448 ἐν
1153 2383 1197 2468 τῷ

166 2613 194 2652 α.
214 2599 264 2657 εἰς
280 2597 364 2649 emb
439 2597 477 2652 ιθ.
495 2599 567 2654 τοῦτ’
585 2599 607 2651 Δ

97 2786 147 2856 qui
171 2785 254 2837 euius
273 2783 452 2838 afflictisssmrs
473 2785 547 2838 bisce
564 2787 729 2856 temporibus
748 2789 776 2840 iu
795 2789 875 2842 tontis
894 2804 979 2839 rerum
998 2781 1198 2839 discriminibus

94 2859 234 2910 solatium
256 2863 429 2919 remanserat,
447 2873 539 2910 ornnes
553 2857 688 2928 siquidem
703 2877 762 2910 eum
785 2861 824 2912 uti
838 2859 946 2911 sitalem
965 2859 994 2908 iu
1012 2855 1091 2924 nobis
1111 2853 1198 2904 iacui-

95 2937 187 2981 tatem
212 2925 419 2996 reputabamus,
438 2927 568 3012 illiusque
587 2937 699 2980 mortem
719 2929 903 2981 tautummodo
921 2927 1084 2980 ducebamus
1102 2923 1199 2975 adser-

93 3017 144 3052 sus
164 3015 222 3050 nos
243 2997 407 3048 iustissimae
424 2999 542 3049 numius
567 2997 719 3066 punitionis
742 2999 890 3052 exordium.
925 2998 978 3050 boe
995 3017 1043 3050 eos
1062 2993 1201 3062 redarguit

91 3068 281 3140 apertissime
309 3069 356 3136 qui
382 3067 494 3134 indigne
517 3067 591 3120 dicta
614 3071 719 3120 insum
747 3071 874 3139 ingerunt
897 3079 925 3122 et
942 3069 1054 3122 infamis
1076 3073 1199 3126 onerant,

91 3139 175 3212 quud
196 3137 386 3210 proditionem
404 3155 459 3190 oon
485 3141 606 3201 suaserit,
623 3148 653 3192 et
674 3139 748 3210 quod
770 3157 816 3193 eos
836 3139 954 3212 propriis
971 3140 1099 3200 consiliis,
1118 3136 1200 3188 eitius

88 3213 143 3282 qui
191 3211 252 3262 insu
272 3207 436 3272 meditatus,
454 3210 512 3262 iure
531 3212 697 3279 represserit.
733 3212 968 3284 opinorequidem
987 3227 1046 3280 rgo,
1064 3227 1123 3260 cusu
1141 3207 1200 3258 vei-

89 3283 135 3334 iet
178 3297 234 3333 eus
267 3289 299 3330 ut
321 3279 651 3334 omnibusdnnetesceret
668 3282 729 3352 quis
747 3284 787 3334 sir
810 3284 858 3336 iiie
876 3299 950 3334 sacer
977 3289 1049 3334 esset
1077 3287 1106 3332 et
1130 3293 1202 3348 quo-

90 3369 153 3404 rum
181 3351 308 3418 dignus,
338 3351 385 3420 qui
412 3367 476 3402 sero
494 3369 544 3404 nos
564 3359 593 3404 et
621 3352 720 3422 quibus
738 3356 834 3422 poenis
853 3354 981 3414 obnoxii,
999 3351 1099 3422 quibus
1120 3349 1201 3401 mise-

86 3425 140 3507 riis
160 3425 248 3474 iuste
264 3421 448 3485 excruciandi,
468 3421 497 3474 id
512 3429 625 3494 propter
642 3439 684 3474 res
702 3425 843 3495 utriusque
861 3425 962 3477 iurem
979 3425 1087 3494 utrique
1107 3419 1200 3490 dispo-

86 3512 197 3546 sussse.

170 3565 200 3632 4.
244 3562 342 3631 itaque
361 3569 416 3613 tsrn
434 3560 493 3614 diro
511 3561 592 3625 melo,
610 3562 689 3616 obitu
706 3581 803 3636 nempe
820 3566 904 3626 iliius,
921 3564 1018 3618 ceteris
1037 3560 1153 3622 adnexo,
1174 3567 1203 3614 et

83 3635 238 3688 osnssibus
259 3633 288 3684 iu
315 3633 423 3685 ciritets
443 3633 507 3684 viris
533 3633 692 3686 mulieribus
711 3639 811 3704 pueris,
829 3637 949 3698 Latinis,
968 3633 1076 3686 iudaeis
1093 3647 1203 3703 quoque

83 3707 187 3776 ipsis,
224 3703 409 3755 miserandum
430 3703 460 3756 in
489 3703 600 3755 modum
624 3721 774 3758 sermonem
805 3705 1026 3768 conferentibus,
1053 3703 1204 3771 etreliqua

81 3777 192 3830 omnin
228 3789 301 3842 quae
329 3791 376 3832 ees
403 3781 460 3827 tum
490 3773 644 3844 affligebant
670 3792 685 3828 ε
710 3779 838 3830 memoris
857 3775 1072 3847 deponentibus,
1089 3773 1204 3844 pastoris

80 3848 167 3902 tanti
192 3844 384 3914 privationem
407 3845 435 3896 in
461 3855 577 3897 mentem
605 3847 793 3901 revocantibus
814 3857 842 3902 et
861 3849 972 3918 saepius
988 3845 1205 3916 proferentibus,

81 3913 367 3983 asserentibusque,
396 3923 427 3968 ut
446 3917 499 3967 iam
519 3917 612 3980 innui,
632 3926 661 3970 et
688 3935 744 3970 nen
764 3928 866 3972 temere
884 3917 1057 3970 credentibus
1073 3915 1206 3969 indicium

79 3987 166 4042 iiiud
190 3999 260 4038 esse
282 3993 311 4037 et
329 3985 437 4037 divinae
457 3987 608 4053 punitionis
628 3997 657 4040 et
684 3989 820 4043 subsecuti
842 3989 959 4056 excidii3
982 3988 1049 4053 boc,
1074 3990 1205 4060 inquam,

81 4067 169 4111 statu
184 4071 294 4118 rerum,
312 4071 371 4107 essm
386 4055 518 4108 modicum
532 4065 639 4128 tempus
657 4059 766 4114 iuterim
784 4061 967 4131 processisset,
987 4061 1015 4112 in
1033 4060 1109 4129 peius
1123 4073 1205 4128 qussa

80 4138 183 4184 antea
207 4141 292 4180 ruers
313 4125 425 4192 omnia,
442 4143 539 4198 magua
564 4130 690 4185 contusio
715 4133 820 4188 animm
843 4147 986 4204 occupare,
1005 4149 1066 4184 cum
1085 4127 1205 4184 elisatii
