3062 4920
275 323 353 380 102
583 319 759 386 GEORGii
789 313 1032 382 annium

268 495 329 537 σαν
348 471 382 536 ὃν
403 477 475 546 ταῖς
495 473 560 536 τοδν
579 467 734 570 μακάρων
754 465 887 552 rainere?
928 467 984 530 καί
1001 467 1104 530 ταύτα
1119 465 1196 547 περί
1214 466 1273 528 τού
1292 465 1364 530 Μί-

268 593 359 646 νωος.
402 569 423 654 ἧ
444 571 480 636 δὲ
502 570 649 652 Γόρτυνα
671 576 770 634 κτίται
793 571 829 634 ἔν
848 569 946 655 πεδίρι
965 563 1046 650 πρὸς
1061 561 1096 630 τὸ
1115 563 1245 648 Λιβύης
1264 564 1364 630 πίλα·

267 691 335 752 ρος,
357 669 471 752 ἀπέχει
492 672 528 735 δὲ
549 671 604 752 τῆς
637 665 797 754 θαλάττης
822 669 973 742 σταδίους
992 659 1162 754 ἑξήκοντα,
1187 659 1363 730 παλαιόθεν

266 776 326 848 μὲν
346 770 569 852 τετειχισμένη,
589 763 726 850 ύστερον
746 770 784 832 δὲ
804 765 867 830 cirri
890 767 948 831 τού
966 765 1080 848 καιρού
1099 759 1140 827 τύ
1159 763 1251 846 τείχη
1272 766 1363 849 φθα-

237 873 363 950 Βρέντα
383 867 404 952 ἦ
427 870 566 932 πολιτείοι
586 863 666 951 σύτο)
689 860 806 951 ἤθελον
825 867 921 931 πάλιν
940 868 1086 948 τειχίσαι,
1109 861 1165 928 καί
1177 858 1282 946 ἀρχὴν
1305 861 1395 927 icc-5

263 969 368 1050 βοδσα
389 971 549 1041 κτίσαντες
572 973 676 1049 τεῖχος
697 964 815 1032 στάδια
846 961 1055 1050 ὀγδοήκοντα,
1076 961 1132 1029 καί
1151 961 1291 1039 στύσεοος
1310 985 1363 1045 γε·

263 1069 394 1152 νομένης
414 1065 574 1147 δναμέσον
594 1063 628 1129 τύ
652 1064 744 1150 ἔργον
764 1065 874 1141 ἀτελὲς
896 1065 1061 1147 διέμεινεν.
1102 1063 1122 1148 ἡ
1149 1064 1185 1128 δὲ
1205 1065 1361 1128 Κοδοινία

261 1166 394 1250 μεγίστη
414 1163 473 1250 τὴν
492 1165 674 1249 προσθήκην
697 1159 745 1246 ἦν,
769 1173 870 1230 κεῐται
892 1167 928 1230 rii
949 1161 1032 1250 αύτη
1051 1163 1072 1249 ἦ
1091 1160 1181 1240 πόλις
1192 1159 1274 1246 πρὸς
1294 1169 1362 1238 τοῖς

261 1261 418 1346 ἑσπερίοις
438 1267 494 1348 τῆς
516 1266 613 1348 νήσου
638 1268 772 1348 πέρασι,
801 1269 841 1330 τὰ
874 1266 910 1332 δὲ
930 1254 990 1350 ὄρη
1017 1260 1057 1330 τύ
1078 1259 1171 1345 ἐγγύς
1192 1260 1290 1346 αύτῆς
1317 1261 1360 1326 τοὶ

261 1361 370 1448 ύψηλδ
396 1365 529 1445 Τίτορος
553 1365 739 1427 καλοῦνται·
793 1365 921 1448 ἵδρυται
944 1366 981 1428 δὲ
1007 1361 1062 1428 riui
1083 1359 1266 1446 θαλάσσης,
1286 1363 1360 1442 Bii-
1375 1381 1419 1424 ιο

261 1485 367 1527 πονσα
385 1459 466 1546 πρὸς
490 1460 548 1546 τῆν
567 1459 761 1546 Λακωνικὴν
778 1461 927 1546 πεδιάδα,
949 1461 1057 1548 ἀγαθὴ
1077 1462 1133 1527 καί
1149 1463 1221 1527 λίαν
1242 1461 1361 1526 πανεύ-

261 1585 386 1648 μορφος
406 1564 463 1626 καί
489 1561 591 1626 πολλύ
613 1561 777 1628 κύκλοιθεν
796 1561 930 1646 ἔχουσα.
979 1562 1089 1630 λοιπὸν
1106 1563 1152 1639 είς
1168 1563 1242 1644 τρία
1263 1555 1281 1644 ἢ
1301 1561 1361 1644 νῆ-

261 1685 334 1742 σος,
358 1661 403 1737 ric
422 1643 636 1746 προείπομεν,
658 1665 866 1747 μεμέρισται,
885 1664 940 1728 καί
959 1661 995 1728 τύ
1015 1667 1077 1744 μὲν
1098 1661 1179 1746 πρδς
1197 1657 1286 1746 η’ῴαν
1302 1660 1362 1742 μέ·

261 1783 317 1844 ρος
333 1763 368 1825 ἔν
383 1768 452 1849 τοῖς
469 1763 524 1845 τῆς
542 1761 574 1825 Γ
571 1757 703 1846 ορτύνης
723 1766 836 1847 μέρεσι
856 1767 993 1847 Δωριεῖς
1015 1759 1168 1843 δκύλοιιν,
1188 1758 1224 1826 τύ
1249 1762 1285 1824 δὲ
1304 1753 1362 1824 κύ-

258 1881 325 1924 τιον
343 1860 565 1943 Ἐτεόκρητας,
592 1861 627 1926 ἔκ
660 1852 779 1949 ᾦέστο
808 1862 863 1926 καί
887 1860 923 1928 τὸ
941 1865 1105 1944 πολίχνιον
1127 1854 1286 1945 Πρύσοιι,
1320 1855 1358 1922 τύ
1377 1863 1420 1924 15

201 1990 209 2014 ‹
258 1959 296 2024 δδ
315 1956 442 2024 δοτικὸν
471 1963 568 2044 μέρος
591 1963 768 2036 Κύδωνας·
819 1964 876 2028 καί
903 1963 1062 2042 α’ναμέσον
1081 1959 1190 2026 αύτόν
1208 1954 1362 2033 πολλάκις

257 2053 364 2140 μύχαι
384 2057 441 2124 καί
459 2059 592 2140 πόλεμοι
612 2062 761 2142 ἐγίνοντο.
813 2066 941 2146 λέγουσι
964 2061 1000 2125 δὲ
1025 2058 1083 2124 καί
1101 2059 1192 2124 τοῦτο
1210 2055 1287 2142 περί
1303 2059 1362 2140 τῆς

260 2155 401 2240 Κρήτης,
423 2153 473 2221 δτι
494 2155 548 2222 διὰ
569 2155 604 2222 τὸ
622 2161 678 2243 τῆς
691 2155 791 2242 κήσοο
804 2157 907 2242 τραχύ
930 2161 987 2222 ούκ
1006 2158 1157 2222 ἐδύναντο
1171 2155 1250 2238 μετὰ
1270 2153 1359 2238 δμα-

258 2257 320 2332 ξιδν
339 2253 522 2339 προσβολὰς
534 2263 636 2319 ποιεῖν
654 2254 709 2320 καί
726 2252 960 2338 α’κοντιζεσθαι,
981 2258 1037 2322 καί
1053 2259 1178 2341 πρῶτον
1195 2253 1250 2320 διὰ
1263 2255 1359 2320 τούτο

257 2351 390 2438 ἔφιπποι
409 2350 440 2418 οἱ
461 2353 590 2438 Κρῆτες
608 2350 732 2433 ἔδειξαν
752 2355 932 2438 μάχεσθαι.
1369 2387 1419 2430 no

340 2449 463 2535 Κύριοι
481 2452 517 2516 δὲ
537 2453 697 2536 γεγονότες
716 2454 773 2538 τῆς
793 2452 943 2540 τοιαύτης
962 2455 1102 2540 μεγάλης
1123 2453 1221 2540 κη’σον
1242 2451 1360 2537 τρόπον

331 2634 351 2671 ι.
373 2622 468 2674 Miror
485 2619 515 2672 Μ
621 2637 646 2672 ι.
663 2619 822 2707 ΓορτύνηΡ
933 2627 959 2691 4.
977 2628 1128 2697 φθαρεῖσα
1145 2617 1358 2688 τὴνπολιτείαν

327 2757 471 2824 ταύτηνΡ
541 2773 566 2831 η.
585 2690 769 2818 ύνααῦτίίιύΡ
839 2765 864 2822 8.
882 2781 925 2826 τις
941 2756 1016 2835 πρὸς
1030 2761 1237 2818 crematurus
1313 2779 1355 2814 ιο.

325 2830 467 2900 τίτυραΡ
541 2847 570 2882 ιι
600 2851 637 2887 πο
655 2827 670 2886 ύ
689 2835 723 2899 Ρ,
743 2835 804 2885 Ιοσο
821 2851 906 2887 vocuo
925 2847 989 2906 port
1009 2837 1113 2906 ἔχουσα
1130 2834 1226 2886 relicto
1313 2835 1356 2886 16.

326 2897 475 2972 ἆναμέσοο
493 2899 513 2952 P
604 2919 647 2956 ιι.
667 2904 716 2972 τῆς
736 2903 825 2972 νήσου
842 2907 944 2974 ταύτης
961 2907 1061 2978 τοιῷδε
1079 2902 1173 2976 τρόπρι
1192 2905 1222 2960 οἱ
1234 2902 1356 2977 ’‘synpr-

325 2977 388 3036 ναί,
410 2969 449 3032 aie
469 2971 588 3044 ἔφημεν,
606 2973 627 3026 Ρ

257 3139 371 3192 genere,
394 3141 409 3174 a
427 3125 489 3176 Iove
507 3125 535 3175 in
553 3123 697 3178 beatorum
714 3127 812 3180 inaniis
839 3127 944 3180 iudicer
965 3128 1107 3181 constituti
1127 3123 1214 3181 eunt-¹³
1233 3127 1301 3178 haec
1316 3127 1356 3180 de

257 3193 359 3246 Minoe.
395 3193 517 3262 Gortyna
535 3195 564 3246 in
583 3196 699 3280 planitie
716 3199 767 3250 rita
791 3215 865 3250 mare
882 3199 1011 3265 Libycum
1030 3207 1149 3269 epectat,
1167 3217 1182 3250 a
1200 3215 1255 3270 qno
1273 3198 1357 3251 abeat

256 3265 351 3317 stadiis
369 3266 518 3334 sexaginta.
536 3268 689 3336 antiquitus
706 3269 791 3320 muria
809 3271 898 3321 cincta
915 3277 984 3334 erat,
1006 3285 1084 3339 qnos,
1102 3271 1201 3321 iniuria
1221 3271 1355 3338 temporie

255 3333 441 3400 labefactatos,
459 3337 629 3405 magistratus
643 3339 795 3390 instaurare
812 3347 971 3410 coeperunt,
988 3341 1036 3392 εειΙ
1053 3341 1087 3392 ad
1099 3349 1162 3393 octo
1181 3340 1266 3392 rtatiia
1286 3356 1355 3408 pro-

256 3405 365 3470 ductor,
387 3415 481 3458 exorta
499 3407 652 3472 reditione,
670 3410 841 3480 reliquerunt
859 3409 1008 3462 inchoator.
1029 3411 1150 3480 Cydonia
1170 3411 1353 3474 incrementis,

256 3493 326 3545 qune
347 3478 478 3546 paulatim
496 3479 584 3549 cepit,
602 3481 718 3531 maxima
736 3481 804 3543 snit,
833 3483 862 3532 in
882 3479 1098 3534 occidentalibus
1125 3483 1225 3534 finibus
1243 3482 1352 3534 inruiae

255 3548 352 3615 potita.
372 3547 420 3598 aiti
440 3558 564 3613 montes,
591 3551 640 3620 qni
667 3551 698 3602 in
714 3552 815 3603 vicinia
839 3563 920 3616 runt,
952 3553 1040 3621 Tityri
1057 3571 1157 3606 nomen
1177 3552 1287 3605 habent
1313 3552 1351 3603 ad

255 3633 328 3668 maro
345 3617 397 3668 rita
426 3627 488 3680 ert,
512 3627 541 3670 et
567 3621 726 3673 Laconicam
745 3630 865 3692 spectat,
891 3623 996 3694 egregia
1016 3632 1044 3676 et
1060 3625 1174 3676 mirifice
1192 3627 1299 3692 elegans
1321 3629 1354 3676 et

256 3687 344 3756 ampla
362 3687 391 3737 in
411 3689 533 3740 circuitu.
551 3697 670 3743 ceternrn
694 3695 723 3744 in
741 3701 796 3746 tres
816 3703 925 3764 parter,
952 3702 983 3746 nt
998 3693 1132 3759 diximur,
1153 3696 1243 3748 insuia
1261 3693 1352 3746 divina

256 3767 315 3809 cst:
344 3765 448 3826 partem
465 3775 559 3810 verane
577 3762 711 3814 orientem
738 3767 808 3816 eirca
828 3765 977 3832 Gortynam
996 3766 1141 3818 Dorienses
1159 3767 1353 3832 nominarunt,

255 3827 400 3878 australem
418 3835 522 3898 partem
545 3831 763 3900 Eteocretenrca,
782 3836 812 3886 in
831 3851 885 3906 qua
904 3837 985 3886 etiam
1005 3837 1099 3889 Praene
1117 3837 1279 3959 oppidulum
1298 3843 1354 3901 ert,

256 3897 452 3950 occidrntaiem
470 3899 651 3965 Cydonenrer.
683 3905 756 3956 inter
782 3903 831 3958 Ιιοι
850 3923 930 3976 saepe
949 3905 1021 3957 belia
1039 3915 1067 3959 et
1085 3911 1189 3978 procia
1209 3907 1353 3960 conamina

255 3975 325 4020 aunt
347 3968 457 4022 tradunt
484 3971 564 4021 etiam
584 3971 636 4024 hoc
662 3974 809 4040 decreta,
832 3985 945 4047 propter
963 3979 1135 4047 asperitatem
1154 3980 1206 4032 roii
1223 3993 1278 4030 non
1297 3993 1356 4048 po-

255 4041 340 4091 tuisse
359 4039 387 4089 in
407 4057 437 4111 ea
457 4057 516 4090 curn
535 4043 658 4094 curribnr
675 4045 792 4117 impetur
816 4047 876 4099 fieri
893 4055 921 4100 et
939 4047 1068 4114 iaculari,
1087 4048 1160 4102 unde
1178 4049 1271 4102 Crete·
1291 4049 1353 4120 pri-

256 4112 291 4162 mi
310 4127 341 4163 ει
361 4112 436 4180 equis
456 4115 610 4181 pugnarint.

344 4181 425 4236 Potiti
455 4182 537 4251 igitur
563 4199 657 4254 magna
682 4185 732 4237 hac
763 4187 851 4238 insuia
880 4203 928 4252 eo,
946 4205 1002 4259 qno
1024 4187 1154 4252 diximus,
1177 4189 1257 4242 modo
1278 4189 1355 4260 Aga-
