3050 4932
211 357 266 420 nn
290 353 661 422 nurssnnoucuvsi
681 351 848 420 exemto
863 350 1091 418 ninnsuo.
1122 322 1201 411 501

117 499 190 581 κτός
204 506 292 594 φυγῇ
304 507 415 570 πολλοί
433 504 630 590 χρησάμενοι
649 503 827 588 λεληθότως
848 501 991 590 ἀπῄεσαν
1010 500 1129 586 οἴκαδε,
1148 507 1209 586 μέ-

116 627 169 688 ρος
200 607 262 669 τεόν
282 606 397 686 τειχῶν
427 602 484 695 σόη
515 603 620 686 όλίγον
652 600 770 688 ἔρημον
801 598 1068 676 καταλελοιπότος.
1111 605 1208 667 τοῦτο

114 705 224 784 μεῖζον
243 700 357 784 ἔδοξεν,
379 697 456 769 ὅσον
471 710 539 768 κατ’
559 701 759 790 τίνθροόπινον
774 699 934 784 λογισμόν,
957 701 1043 766 αι’τία
1057 705 1114 766 τοῦ
1132 707 1208 782 μεθ’

114 801 239 887 ἡμέραν
260 807 367 866 κακοῦ.
421 807 477 868 ’καί
502 801 564 885 γόρ
587 802 617 868 εἰ
634 799 796 884 μενόντων
825 798 975 864 ἁπάντων
995 801 1050 864 έπί
1067 806 1126 864 τοῦ
1145 805 1209 867 πεί»

86 909 202 982 5χυος,
224 899 285 982 μία
305 898 397 986 ψυχή
418 906 593 983 γενομένων
621 901 678 968 καί
700 896 842 992 θάνατον
862 895 1017 981 ἑλομένων
1039 897 1120 982 όπέρ
1144 922 1210 988 φο-

111 1003 210 1084 λακῆς
230 1001 469 1084 τῆςπατρίδος,
493 999 584 1082 μόλις
605 995 644 1066 έν
664 999 685 1085 ἦ
704 999 796 1075 πόλις
816 1002 849 1078 ἔξ
871 999 972 1084 αότῆς
990 999 1208 1090 διατετηρητο,

110 1099 178 1174 πῶς
199 1092 241 1162 δν
259 1103 384 1164 τοιοῦδε
405 1101 640 1186 συμβεβηκότος
656 1101 715 1166 eriis
739 1095 805 1182 εἶχε
817 1107 888 1182 μετ’
908 1096 1053 1176 εόκολίας
1068 1099 1208 1182 ἁλῶναις

110 1192 214 1275 οὕτως
240 1191 298 1264 σόν
324 1200 386 1264 τοόν
406 1199 558 1266 Λατίνιω
586 1203 871 1284 διαπραξαμένων,
891 1201 948 1264 καί
977 1201 1040 1264 τῶν
1070 1203 1210 1284 τριηρῶν

107 1299 187 1378 μίαν
209 1297 291 1384 πρός
306 1304 491 1382 ναυμαχίαν
509 1300 754 1384 πεπληρωκότων
769 1298 822 1364 διό
838 1297 894 1384 τη“ν
910 1305 973 1365 τοῖν
992 1303 1111 1364 πλοίων
1130 1302 1209 1386 αίφ·

68 1397 207 1467 ιονίδιον
239 1397 459 1483 προσδοκίαν,
481 1398 611 1483 α’ληθεῐς
642 1401 851 1476 dietericum
881 1400 937 1464 καί
967 1395 997 1463 οἱ
1030 1400 1106 1484 περὶ
1134 1396 1209 1463 susi·

108 1521 170 1564 των
189 1494 272 1582 ἡμῖν
292 1491 483 1582 ἦγγελκότες.
526 1490 648 1584 ὄρθρου
669 1497 730 1584 γόρ
752 1499 935 1575 ἐπιπόνους
949 1497 987 1564 τό
1011 1504 1106 1564 πλοῖα
1127 1495 1209 1582 πρός

105 1595 160 1660 τόν
182 1599 300 1678 λιμένα
319 1595 438 1674 πόσαις
456 1593 578 1676 κώπαις
598 1601 761 1683 καταίρειν
781 1600 958 1684 ἐπείγονται
978 1596 1015 1666 τό
1038 1603 1209 1683 βεβουλευ-

103 1698 187 1775 μένα
212 1697 419 1780 διαπεριῖυαι,
474 1695 518 1774 σός
549 1701 585 1764 δὲ
614 1697 746 1783 πλησίον
771 1703 910 1783 γένοιντο
935 1697 995 1785 την
1015 1700 1080 1764 κατ’
1101 1695 1209 1764 eritne

104 1794 269 1880 συσκευην
294 1799 356 1860 τιδν
375 1797 409 1862 έν
430 1799 541 1874 ου’τοῖς
554 1797 612 1861 ουίι
624 1796 769 1882 εἰδότων,
793 1800 849 1862 καί
869 1795 889 1883 ἦ
914 1799 1055 1883 τριήρης,
1076 1791 1120 1872 ὥς
1140 1791 1207 1878 εἶχε

61 1894 246 1976 ι5τόχους,
279 1895 393 1962 ου’τίκοι
424 1905 530 1978 χωρεῖ
546 1903 614 1961 κατ’
634 1891 765 1976 eitun,
796 1895 853 1962 καί
882 1898 929 1972 είς
950 1900 1100 1962 τοσοῦτον
1119 1893 1204 1960 ου’τό

102 1991 346 2079 κατηνάγκασεν
382 1998 438 2060 καί
464 1998 509 2072 είς
542 1994 649 2082 φυγὴν
674 1992 829 2083 ἔστρεψεν
861 1994 904 2074 nic
933 1997 1095 2061 έποκεῑλαι
1123 1991 1205 2058 κατό

99 2094 161 2178 την
183 2089 318 2178 ἤπειρον
341 2091 475 2178 κοίτην
495 2095 559 2160 τοῖν
584 2093 731 2179 Τοόρκων
761 2097 881 2180 έκείνην
919 2097 1060 2161 έπίνοιαν
1091 2094 1265 2186 tinnis-34,

99 2195 237 2277 διῖχθαι
257 2197 408 2276 ματαίαν.
426 2189 507 2260 etti
530 2197 642 2260 τούτου
653 2198 714 2276 μὲν
733 2196 885 2282 τένοότεροι
897 2190 1115 2280 τετηρήμεδα·
1135 2190 1204 2260 εἴθε

97 2293 134 2359 δέ
154 2293 215 2358 καί
226 2295 288 2360 τοῦ
311 2290 392 2358 sarci
413 2289 471 2378 τήν
493 2292 616 2379 ἡμέραν
635 2297 757 2362 nexuri!

52 2423 89 2464 σο
184 2391 240 2456 ια’.
303 2395 367 2475 Τῆς
397 2391 545 2476 τετάρτης
576 2393 744 2480 τοιγαροῦν
773 2393 944 2478 έπιστόσης
972 2389 1112 2478 ἡμέρας,
1145 2393 1205 2458 τοῦ

93 2491 192 2578 ἡλίου
216 2493 372 2576 καθαρῶς
392 2500 466 2568 ’τοῖς
487 2491 672 2575 ἀνθρώποις
700 2488 802 2592 μήπω
817 2495 853 2558 τό
874 2495 944 2579 puis
962 2489 1203 2577 παρασχόντος,

93 2593 229 2678 δρῶμεν
250 2591 331 2656 κατὰ
352 2589 410 2676 τόν
430 2593 578 2676 α’γγελίαν
599 2593 655 2656 καί
674 2589 708 2657 τό
730 2595 851 2677 πλῆθος
872 2587 958 2658 ἅπαν
978 2595 1205 2677 προσχωροῦν-

91 2717 154 2770 τας
175 2696 226 2781 τῷ
246 2693 365 2774 τείχει,
396 2689 471 2768 τούς
499 2693 559 2774 μέν
586 2689 740 2776 κλίμακας
770 2693 1038 2780 ἐπιφερομένους,
1059 2691 1142 2779 μυός
1167 2693 1203 2760 δέ

92 2967 154 3020 lum
176 2969 308 3034 arrepta,
326 2979 382 3016 non
411 2979 492 3032 parva
510 2978 647 3016 murorum
666 2969 745 3034 parte
765 2959 889 3028 deserta,
914 2961 1024 3016 domum
1041 2969 1200 3015 remearent.

92 3039 166 3092 haec
188 3035 339 3108 potissima
357 3052 436 3086 causa
464 3035 529 3086 mcii
553 3033 628 3104 quod
649 3051 682 3088 eo
708 3035 753 3088 die
771 3034 937 3100 advenerat,
955 3035 978 3086 si
997 3034 1115 3085 humana
1132 3035 1201 3090 ratio

89 3127 151 3162 non
170 3109 264 3170 saliit,
284 3115 408 3175 reputata
427 3114 476 3158 ert.
513 3107 615 3158 etenim
634 3107 705 3158 siin
723 3107 806 3158 muris
824 3105 1047 3176 permanentibus
1065 3103 1201 3168 omnibus,

91 3189 122 3234 et
142 3198 203 3232 nno
225 3177 320 3230 auimo
339 3177 377 3228 ita
401 3177 541 3245 dispositis
569 3186 600 3230 ut
620 3193 668 3246 pro
689 3175 812 3228 custodia
831 3177 935 3246 patriae
954 3177 1036 3227 vitam
1053 3189 1201 3238 voverent,

88 3254 137 3304 vix
160 3251 231 3304 tirbs
259 3257 416 3300 conservata
444 3249 555 3310 suisset,
586 3263 702 3317 quanam
722 3249 842 3310 ratione,
866 3247 914 3298 ubi
931 3247 1020 3298 simile
1040 3245 1200 3307 accidisset,

88 3323 172 3376 incili
203 3321 322 3387 negotio
341 3318 472 3386 cupienda
490 3335 547 3370 non
560 3319 641 3371 erut?
685 3318 723 3370 sic
738 3315 814 3370 hisce
832 3335 880 3387 per
899 3317 1009 3369 Latinos
1027 3317 1152 3387 peractis,
1172 3325 1202 3368 et

89 3403 214 3463 propter
234 3391 448 3459 inexspectatum
473 3389 582 3440 nuvium
609 3389 754 3442 adventum
783 3389 861 3440 unica
882 3390 985 3441 triremi
1005 3405 1054 3458 pro
1075 3387 1201 3440 commite·

87 3465 181 3518 tenda
205 3461 301 3514 marsii
319 3477 409 3530 pugna
426 3460 540 3529 repieta,
556 3477 618 3512 vera
635 3459 761 3512 videntur
774 3460 898 3512 retulisse
915 3459 1016 3512 nvrncii.
1052 3473 1112 3510 nam
1131 3458 1201 3510 circa

87 3551 229 3588 auroram
251 3547 333 3584 naves
353 3530 389 3583 ud
416 3538 525 3600 portum
553 3531 761 3601 properantibus
779 3532 860 3586 remis
877 3530 1063 3600 impelluntur,
1079 3537 1112 3580 ut
1128 3529 1200 3596 cogi·

89 3616 151 3658 tnta
174 3603 365 3656 absolverent.
390 3601 515 3654 reddum
534 3603 762 3672 appropinquant,
780 3617 831 3654 nee
848 3600 974 3654 adversus
993 3618 1022 3653 se
1040 3608 1200 3668 apparatum

86 3679 268 3730 instnrctum
286 3681 439 3743 penetrant,
459 3674 574 3724 triremis
593 3673 738 3725 velocitate
763 3689 865 3724 summa
883 3673 912 3724 in
931 3689 978 3724 eos
996 3671 1131 3732 convolat,
1152 3687 1201 3724 ιο·

86 3749 195 3818 gitque
219 3754 253 3796 ut
277 3745 305 3796 in
328 3743 417 3814 iugum
441 3744 510 3795 versi
533 3745 678 3796 interram
700 3758 781 3796 naves
800 3743 960 3812 impingent.
998 3743 1037 3794 sic
1053 3740 1201 3794 Tuccaruur

84 3817 167 3872 illud
204 3815 353 3868 consilium
373 3823 548 3868 extenuatum
566 3821 685 3868 evanuit.
725 3815 830 3866 utinam
847 3823 876 3867 et
902 3813 994 3866 diurni
1011 3811 1077 3871 maii
1102 3811 1200 3866 similis

85 3893 190 3944 exitus
212 3885 375 3940 subsecutus
396 3885 498 3938 t'uisset.

171 3975 217 4012 ιι.
259 3957 363 4028 Quarto
382 3956 390 4006 i
412 3957 465 4008 itur
481 3953 525 4006 die
544 3961 692 4024 appetente
709 3954 825 4006 necdum
844 3952 915 4006 clare
932 3952 1025 4004 iumen
1043 3952 1199 4007 hominibus

82 4030 290 4090 ministrante,
309 4035 341 4078 ut
360 3974 440 4080 nnius
460 4026 683 4097 praenunciatum
702 4024 801 4088 iuerat,
821 4023 1026 4076 multitudinem
1045 4027 1199 4080 universam

83 4105 118 4156 in
141 4115 263 4153 murum
285 4097 458 4150 festinantem
478 4097 624 4150 intuemur.
670 4097 742 4150 inter
759 4095 809 4148 hos
826 4096 873 4148 aiii
892 4095 996 4158 scalas,
1014 4095 1060 4148 aiii
1083 4095 1199 4158 tabutas,

84 4175 139 4224 aiii
161 4169 292 4238 implexa
314 4167 461 4221 viminibus
486 4178 561 4220 scuta
581 4177 700 4235 gestaru
724 4184 825 4230 omnes,
844 4175 875 4220 nt
894 4166 932 4218 sic
949 4165 1044 4231 dicem,
1063 4166 1199 4218 machinae

82 4241 277 4304 convehere,
313 4246 342 4294 et
367 4247 399 4294 ut
427 4239 510 4294 meris
542 4247 584 4294 est
612 4239 697 4312 septi,
729 4247 758 4294 et
789 4238 874 4296 nostri
910 4235 1008 4292 excidii
1036 4239 1082 4292 siti
1111 4236 1199 4292 vetuti
