3050 4932
224 261 278 324 m
305 259 853 352 urnamnrcmsrnxcrmo
870 259 1098 332 nanneno.
1129 231 1214 348 497

129 429 181 474 τον
198 410 243 484 εἰς
263 406 360 494 δργῆν
374 413 452 476 καθ
472 403 563 494 ἡμῶν
582 411 761 498 κινησάσης,
781 413 931 480 παιδειάν
949 411 1026 494 ἡμῖν
1045 411 1221 493 ἐπενεγκεῖν

128 511 294 572 πταίουσιν
315 505 521 592 ἀδιόρθωτα,
552 513 603 576 ἵνα
627 515 713 594 ,γοῦν
735 509 859 580 ἑαυτῶν
889 507 1050 595 γενόμενοι
1079 511 1136 574 καί
1161 510 1221 572 τοῦ

128 609 240 670 λοιποῦ
259 604 529 694 σαφρονηοοομεν.
579 611 613 676 ei
637 612 743 689 δέ’τις
772 613 837 676 τῶν
857 609 932 694 πρὶν
952 608 1222 694 άπομνημονεῦοον

126 705 249 788 χρόνων
281 709 337 770 καί
351 705 448 772 πάλιν
467 707 545 791 ἡμῖν
565 706 729 797 άντιλέγη,
750 711 806 774 κατ’
827 712 873 798 τῷ
893 711 1019 790 ποιμένι
1040 707 1098 792 τὴν
1117 709 1222 772 αἰτίαν

102 801 226 892 δὲπάγη
250 813 317 880 τοῖς
346 807 563 890 προδεδόσθαι
583 809 731 874 ἐθέλουσι
752 806 796 892 μή
815 806 854 875 τά
876 803 932 876 ἴσα
952 804 1147 895 φρονήσαντι
1167 807 1224 869 κατ’

124 907 382 993 βουλευσαμένῳ,
399 904 584 990 μεμηνότος,
604 900 715 992 οἶμαι,
743 911 889 994 κέκτηται
910 901 1091 990 λογισμοός.
1134 906 1224 982 πρῶ-

124 1025 177 1068 τον
195 1007 256 1083 μὲν
288 1001 351 1088 γάρ
380 1004 420 1068 ου’
447 1007 507 1070 τοῦ
525 1003 687 1089 σχήματος
716 1007 778 1070 τοῦ
807 1001 984 1090 άρχιερέτος
1004 1003 1223 1088 στρατηγικῶν

124 1099 322 1184 πραγμάτων
343 1101 649 1185 ἀντιλαμβάνεσθαι,
668 1107 723 1170 καί
734 1103 787 1170 τόν
804 1105 864 1186 μὲν
878 1105 1072 1188 τυραννικῶς
1091 1103 1225 1181 δξοοθεϊν

25 1229 27 1236 ’
123 1205 178 1284 τῆς
199 1201 303 1286 άρχῆς
325 1199 382 1267 τόν
401 1204 437 1268 δὲ
455 1203 671 1286 άντεισάγειν,
691 1206 746 1269 κατ’
766 1199 962 1288 πραγμάτων
981 1204 1038 1268 κατ’
1048 1197 1151 1289 φόνου
1170 1199 1226 1262 καὶ

82 1303 268 1384 ιοζημιῶν,
294 1301 415 1368 τοότιον
437 1300 477 1385 δὴ
499 1301 562 1368 τῶν
581 1306 615 1368 ἐν
627 1311 698 1380 ταῖς
719 1307 910 1388 ἐναλλαγαῖς
930 1304 995 1368 τῶν
1009 1301 1122 1387 ἀρχῶν
1141 1323 1227 1380 συμ-

122 1397 311 1482 βαινόντων,
334 1399 436 1465 αἴτιον
455 1401 651 1468 δείκνυσθαι.
693 1402 731 1468 οῦ
750 1402 813 1486 γάρ
838 1399 893 1467 tut
911 1397 1029 1485 θρόνον
1048 1397 1149 1466 αότόν
1169 1421 1227 1462 xa·-

121 1497 254 1578 θιζουσι
277 1499 475 1580 τυραννικόν,
499 1501 569 1565 άλλ’
590 1500 783 1586 διεθρόουν
804 1497 972 1586 ἱερατεκόν,
994 1497 1051 1564 καὶ
1069 1498 1225 1565 δεσπότου
1234 1511 1287 1568 335
1376 1573 1380 1584 .

122 1600 242 1682 πραὲος
269 1599 328 1662 κατ’
352 1595 481 1684 εἰρήνην
510 1597 706 1678 διδάξαντος.
759 1601 814 1665 καί
840 1601 895 1664 δελΙ
916 1601 1032 1664 τοῦτον
1053 1599 1088 1663 ἐκ
1109 1593 1227 1672 παντός

120 1695 244 1780 τρόπου
278 1701 474 1778 μιμεῖσθαι,
503 1701 560 1763 καί
589 1694 735 1784 λόγοιςὲ
761 1737 1197 1765 ................
1212 1741 1226 1762 ,.

80 1794 178 1864 unat
197 1785 397 1882 πράγμασιν.
439 1793 550 1862 ἔπειτα
566 1843 1003 1865 ...............
1020 1790 1098 1880 άπερ
1120 1793 1228 1879 εἴργα·

120 1918 197 1976 ora,-
222 1891 277 1959 ότι
300 1903 368 1970 τοῖς
387 1897 448 1960 τοῦ
467 1899 548 1962 θεοῦ
565 1895 674 1978 νόμοις
691 1899 839 1980 ἐμμένειν
851 1893 999 1986 παρῄνει,
1021 1898 1078 1962 κατ’
1094 1892 1152 1978 τη“ν
1175 1891 1230 1958 εό-

119 1997 254 2076 οέβειαν
275 1991 485 2074 συνεβούλευε
514 1994 559 2080 μὴ
581 1997 759 2078 προέοθαις
792 1989 844 2062 ότι
870 1993 917 2080 μή
943 1995 1231 2072 κατεξανόστασθαι

118 2095 185 2158 τῶν
207 2091 502 2196 άρχόντοον,’άλλά
523 2091 654 2170 τοότους
681 2091 726 2172 ῶς
744 2099 780 2161 ἐκ
803 2098 885 2160 θεοῦ
905 2095 1142 2178 προβληθέντος
1161 2093 1230 2156 ἐδί-

120 2193 222 2256 δασκε
244 2195 409 2274 στὲργεινς
430 2190 487 2256 καί
505 2195 583 2276 τόγε
605 2187 684 2258 άλλο
705 2197 862 2278 προσῆκεν
882 2194 1009 2282 ε’κείνρι,
1038 2187 1152 2273 ψυχάς
1172 2188 1231 2254 άν-

70 2289 269 2372 ῃοθρῶπαιν
284 2288 363 2373 πρός
381 2294 463 2354 θεοῦ
483 2293 705 2374 πιστευθέντες
727 2286 811 2374 ’όμυις
824 2293 942 2370 ἐκεῖνος
953 2293 1008 2356 καί
1024 2281 1124 2366 οότοος
1144 2285 1231 2372 ἔχων

119 2391 172 2474 ἐφ’
193 2385 336 2454 ἑκάστου
351 2386 570 2472 οχεδόνότους
591 2384 682 2474 ἠξίου
702 2391 760 2475 τὴν
780 2391 871 2455 πόλιν
892 2391 1058 2456 άπολιπεῖν
1078 2387 1132 2454 κατ’
1150 2392 1232 2470 πρός

118 2487 178 2576 τὴν
201 2487 417 2574 ἐνεγκαμένην
435 2494 599 2574 γενέσθαι,
621 2489 699 2566 ἴσως
719 2493 758 2556 ἲν·
779 2489 870 2576 ἡμεῖς
890 2489 973 2576 ὑπὲρ
986 2486 1109 2557 ἑαυτῶν
1128 2511 1230 2575 φρον-

192 2683 518 2810 ξὶξὲφέρέῐηὶηυμενλ
609 2687 650 2755 ti·
670 2671 858 2758 ἱῙλπόμενον
877 2680 974 2756 ndacii
1069 2683 1100 2737 τῦ
1103 2717 1219 2734 .....
1220 2679 1231 2753 Ι

115 2935 257 2992 cundiam
276 2935 371 3002 movit,
390 2937 471 2990 etad
489 2938 574 2990 aoatri
610 2939 772 3002 unitionem,
789 2937 838 3010 qui
859 2937 1009 2991 incorrecte
1029 2933 1158 3001 labimur,
1178 2953 1229 2990 er·

114 3011 229 3072 citavit,
252 3017 284 3060 nt
300 3007 335 3059 ad
351 3009 532 3079 noemetipaoa
552 3025 580 3060 re
601 3017 697 3062 eantea
723 3011 753 3062 in
771 3017 908 3079 porterum
937 3009 1081 3078 capiamur.
1114 3007 1191 3078 qnod
1206 3009 1231 3062 ai

114 3081 183 3151 quia
207 3087 339 3132 anteacta
371 3087 494 3148 tempora
521 3095 733 3132 commemorans
754 3081 853 3133 iterum
871 3078 954 3131 nobie
974 3084 1114 3148 opponat,
1132 3087 1161 3131 et
1180 3095 1232 3150 pa.

114 3153 188 3202 atari
219 3165 332 3202 canaam
364 3153 511 3220 ερρίοραι,
538 3152 586 3220 qui
612 3149 713 3204 dedere
741 3167 770 3202 ae
794 3149 962 3213 volentibua,
988 3149 1125 3201 aeutentia
1145 3151 1230 3202 etiarn

113 3219 195 3285 data,
216 3219 398 3283 contradixit,
416 3221 577 3274 insanientis
596 3223 774 3292 cogitationes
787 3222 908 3292 auacipit.
945 3220 1061 3292 primum
1080 3220 1152 3272 euim
1172 3237 1230 3273 non

114 3294 247 3346 addecet
267 3292 425 3361 pontificem
447 3308 535 3344 rernm
551 3293 709 3346 militarium
727 3309 809 3354 cura,
829 3301 859 3344 et
877 3291 951 3344 hunc
968 3289 1079 3362 quidem
1098 3298 1230 3358 tyranno-

113 3381 180 3416 rum
199 3378 283 3416 more
302 3361 456 3431 principatu
472 3363 584 3432 pellere,
602 3364 683 3416 iiiam
700 3372 794 3416 eontra
811 3363 840 3414 in
857 3363 1055 3432 poaeeaaionem
1074 3361 1230 3426 immittere,

113 3445 145 3488 et
168 3433 362 3486 mutationum
390 3450 421 3484 αο
446 3432 570 3486 caedium
598 3451 649 3486 nec
675 3434 927 3497 modernorum,
953 3448 1033 3502 qnae,
1052 3431 1117 3484 dum
1139 3447 1229 3486 rerum

111 3515 213 3558 statue
235 3505 412 3564 immutatur.
429 3504 575 3568 eveniunt,
598 3513 736 3557 auctorem
758 3520 832 3556 earet
860 3519 950 3574 neque
969 3504 1042 3555 enim
1061 3503 1121 3572 ipae
1138 3504 1167 3554 in
1186 3511 1230 3570 ty.

111 3577 280 3638 mannicum,
299 3573 348 3626 aed
365 3576 394 3626 in
413 3573 590 3639 aacerdotale,
613 3584 642 3628 et
660 3575 733 3628 mitia
752 3575 864 3635 domini.
884 3573 979 3644 etqui
1001 3590 1095 3644 pacem
1114 3573 1232 3644 deprae-

109 3647 249 3708 dicavit,
267 3645 345 3697 cuiue
365 3645 486 3715 vestigii·
505 3646 632 3698 inaietere
650 3645 738 3698 modia
756 3643 882 3698 omnibus
900 3653 929 3697 et
949 3645 1021 3697 dicta
1040 3645 1167 3714 iactaque
1185 3663 1231 3697 ae-

109 3719 166 3788 qui
189 3714 298 3779 debet,
321 3716 419 3768 solium
438 3725 617 3786 promovetur.
661 3717 790 3787 deinceps
817 3715 885 3786 quid
903 3715 952 3768 ille
969 3715 1080 3768 molitus
1099 3715 1158 3767 eati
1194 3733 1230 3770 aa

134 3786 200 3840 uod
225 3787 258 3838 in
282 3785 389 3854 legibue
411 3785 511 3838 divinia
534 3787 679 3856 perdurare
711 3787 924 3850 adhortabatur,
943 3801 1000 3838 non
1025 3785 1229 3855 aprincipibua

109 3807 354 3920 desciscendum,
373 3873 441 3928 quoa
469 3858 555 3910 veluti
573 3875 590 3910 a
610 3859 662 3911 deo
679 3867 817 3928 promotos
835 3855 1045 3910 exarcuiaadum
1064 3873 1124 3908 erae
1145 3857 1230 3908 doce-

109 3928 194 3980 bat?
240 3934 269 3978 et
288 3936 380 3980 tamen
397 3930 427 3982 in
444 3927 520 3980 aliud
538 3929 580 3980 ilii
599 3928 810 3982 incumbendum
829 3937 903 3990 erat,
925 3929 967 3980 cui
995 3927 1148 3980 mortalium
1169 3931 1231 3980 aui.

108 4015 182 4052 mae
208 4012 262 4068 per
280 3995 360 4050 deum
382 4007 460 4052 erant
473 3999 653 4052 concreditae.
689 3999 867 4052 nihilominus
885 3999 943 4062 iile,
962 3997 1014 4050 hoe
1032 3997 1114 4052 modo
1135 3997 1229 4069 diapo-

108 4073 202 4132 aitua,
226 4067 284 4120 i'ere
304 4069 418 4138 ainguiie
435 4071 512 4122 aonia
535 4069 568 4122 ab
588 4070 654 4122 urbe
680 4070 806 4132 recedere
830 4069 942 4122 volebat
960 4079 989 4122 et
1006 4072 1034 4122 iu
1053 4071 1166 4138 patriam
1186 4085 1231 4120 re-

108 4139 205 4202 verti,
228 4137 299 4190 forte
317 4148 347 4192 ut
365 4157 414 4194 noa
433 4150 525 4196 noetra
543 4157 739 4198 accuraremna.
787 4139 836 4194 aed
854 4157 946 4213 neque
962 4140 1015 4194 hac
1033 4141 1138 4194 ratione
1157 4139 1229 4210 parri

192 4239 362 4298 Plrrantaea.
1049 4243 1083 4296 32
