3130 4920
249 238 276 326 8
565 265 740 332 σεοεειι
770 261 1015 330 rursus-ren

246 414 397 482 τείνουσιν
411 415 618 482 ἀπολείπεται
633 411 800 500 συγγνώμη
816 414 853 478 τὸ
874 417 967 496 σιγᾶν
978 415 1035 478 καί
1051 412 1153 496 μηδὲν
1172 407 1254 495 ὑπὲρ
1275 409 1339 476 sois

244 517 457 600 γεγενημένων
476 520 692 602 φθέγγεσθαι·
713 511 843 599 ου’γενης
858 504 915 578 οὖν
931 505 977 578 dv
993 513 1049 576 stul
1068 513 1102 589 ἐξ
1124 510 1258 594 εὐγενῶν
1281 531 1338 574 ssu·

244 611 439 698 τσγόμενος,
461 615 632 696 τιμιωτοιτε
653 607 749 699 ἆνερ,
773 616 885 697 ἑρωτοῖ
902 635 957 690 σε,
979 613 1035 678 καί
1056 606 1264 694 δηλοιιοιήσόν
1282 629 1340 690 μοι

244 713 301 798 τὴν
332 707 497 798 α’λήθειαν.
547 719 629 790 τίνες
655 713 838 800 ὑπάρχουσι
868 707 1049 794 συνωμόται
1075 707 1132 774 καί
1155 709 1340 793 συνίστορες

146 831 152 842 ·
244 815 301 878 καί
320 810 491 898 συνήγοροι
511 817 568 898 τῆς
589 814 707 897 βουλῆς
733 813 851 898 ταύτης
869 809 924 876 ιιαί
943 809 973 876 οἱ
993 810 1284 893 συμβουλεύσαντες
1305 807 1367 877 615

243 914 363 999 τοίτηις
389 914 514 998 φροὶσον
533 936 590 994 μοι
611 913 768 998 τάληθές·
819 915 875 978 καί
894 909 1003 993 σ’μνύοο
1023 934 1075 978 σοι
1101 912 1137 976 ἐν
1154 911 1199 996 τῷ
1219 908 1343 994 σωτῆρί

242 1035 306 1092 μου
329 1014 463 1098 Χριστῷ
490 1007 542 1077 ὅτι
574 1009 669 1078 arisel
695 1015 756 1094 μὲν
781 1008 1032 1095 κολασθήσονται
1063 1017 1134 1086 ταῖς
1162 1009 1221 1074 τοῦ
1241 1005 1340 1130 νόμοιη

141 1138 143 1142 ’
243 1120 388 1192 ποιναῖς,
409 1109 450 1176 οὐ
473 1113 508 1176 tt
530 1110 699 1194 ἐλεύθερος
713 1109 778 1200 ’ἔσῃ
804 1109 866 1176 αἰιὸ
888 1107 1007 1186 παντὸς
1032 1105 1271 1194 πειρατηρίου.”
1311 1131 1336 1196 ῳ

244 1203 456 1294 α’τιελογίσατο
490 1202 583 1288 οὗτος
606 1206 697 1295 “ἐγώ
725 1213 786 1292 μὲν
818 1205 907 1276 εἶπόν
934 1231 987 1275 σοι
1018 1211 1074 1274 καί
1093 1211 1174 1292 λέγω
1195 1203 1246 1274 ὅτι
1265 1197 1338 1271 οὔτε

243 1305 450 1394 ἐνεθυμήθην
471 1308 547 1393 περί
566 1307 680 1375 τούτου
710 1307 852 1392 ruinose,
882 1304 954 1376 urire
976 1311 1011 1375 ἐν
1038 1310 1077 1396 τῇ
1097 1309 1221 1398 διανοίην
1239 1329 1303 1388 μου
1321 1299 1386 1374 dre

243 1406 344 1484 αὐτὸς
362 1405 479 1484 οιιοιιὸς
499 1401 619 1494 ἦλθεν,
640 1403 715 1474 ου’τε
734 1431 781 1485 τις
800 1406 914 1494 μικρὸς
933 1403 957 1493 ἢ
976 1409 1075 1493 μέγας
1093 1409 1169 1491 ιιερί
1189 1404 1338 1490 τοιαύτης

242 1507 428 1584 ὑποθέσεως
443 1501 578 1595 ἀνέφερέ
596 1531 663 1590 μοι.
703 1510 750 1584 εἰς
772 1507 826 1574 τὸν
841 1509 941 1574 αιόῑνα
955 1507 1001 1593 μὴ
1017 1511 1145 1592 γένοιτο.
1187 1503 1339 1592 μάρτυρα

241 1609 375 1690 χροῖμαι
393 1606 450 1674 τόν
475 1605 553 1674 θεὸν
572 1607 629 1672 sol
644 1607 718 1684 τους
743 1607 893 1690 ἀγγέλους
913 1605 990 1684 τούς
1019 1607 1163 1692 ἀοράτως
1184 1630 1340 1691 παριστα·

243 1709 357 1790 μένους
375 1729 444 1788 μοι.
488 1709 519 1774 εἰ
543 1709 579 1773 di
601 1707 633 1771 oi
652 1704 948 1792 συκοφαντήσανείς
975 1729 1017 1789 με
1038 1715 1104 1782 τοῖς
1125 1707 1188 1772 olor*
1204 1709 1262 1772 τοῦ
1278 1710 1339 1789 βα-

244 1809 358 1881 σιλέως
384 1828 448 1887 μου
480 1805 641 1890 ἑβάρυναν
668 1807 775 1891 ψεύδη
793 1812 862 1872 κατ’
893 1809 974 1888 ἐμοῦ
996 1810 1056 1872 τοῦ
1086 1804 1201 1872 δούλου
1221 1807 1320 1874 αὐτοῦ
1329 1806 1389 1888 ,15

221 1908 300 1969 ’ναί
329 1905 360 1970 εἰ
382 1905 421 1970 ori
452 1905 614 1974 πιστεύετέ
639 1929 715 1990 μοι,
745 1907 804 1970 oris
825 1907 889 1988 ἔχεο
911 1909 947 1972 τί
963 1909 1072 1990 λέγειν.
1123 1901 1214 1990 ἢτίς
1235 1904 1346 1972 ἔσεταί

243 2027 301 2087 μοι
320 2005 447 2089 μοὶρτυς
467 2008 525 2090 τῆς
546 2005 701 2092 ἀληθείας
721 2029 805 2088 μους
830 2009 861 2072 εἰ
877 2005 935 2090 μή,
956 1999 984 2070 ὦ
1007 2001 1144 2072 dionosti
1168 2030 1249 2087 μου,
1271 2008 1341 2072 δέο-

243 2107 392 2185 μσίσου,
414 2107 546 2190 ποίησόν
559 2129 617 2188 μοι
635 2103 744 2192 χάριν.
786 2106 884 2188 βάλον
903 2106 1035 2191 σίδηρον
1056 2107 1091 2172 ἐν
1108 2105 1150 2190 τῇ
1169 2107 1267 2191 φλογί
1285 2109 1342 2188 τῆς

244 2202 399 2286 καμίνου,
420 2207 476 2270 ιιαί
498 2201 592 2270 ἔασον
612 2203 711 2270 αὐτὸν
734 2199 942 2292 οἵοιερμίτρας
971 2207 1132 2288 ἐκκαῆναι,
1153 2202 1209 2268 καί
1226 2206 1343 2290 φέρετέ

243 2323 302 2384 μοι
323 2295 439 2385 αὐτόν,
459 2301 517 2368 καί
535 2301 640 2370 πιάσον
661 2313 733 2382 ταῖς
752 2301 852 2392 χερσί
864 2327 952 2387 μου,
980 2306 1035 2370 καί
1053 2297 1219 2390 ἄνθρακας
1238 2302 1390 2390 τιυρὸςοο

316 2473 341 2524 3.
358 2469 442 2538 δῆλόν
457 2489 510 2544 μοι
525 2476 649 2540 ποίησον
666 2473 696 2524 Μ
766 2473 791 2540 d.
809 2471 1092 2596 dnupxouuosqqpsrros
1108 2473 1138 2526 Μ
1220 2473 1246 2527 5.
1270 2489 1342 2548 συμ-

313 2541 491 2612 βουλεύοντες
508 2544 537 2596 Μ
606 2547 634 2598 6.
654 2549 773 2616 Χριστρλ
793 2563 850 2617 μου
870 2546 976 2618 σωτῆρι
1084 2564 1109 2613 7.
1127 2545 1293 2600 κολασθῶσι
1312 2545 1342 2598 Μ

314 2615 340 2664 8.
360 2601 383 2683 qi
401 2616 481 2664 oml’
549 2611 815 2687 9.drrrluyriuoeeol’
891 2633 930 2666 rr.
946 2611 1052 2688 μικρὸν
1070 2613 1086 2682 ἢ
1103 2621 1178 2687 μέγα
1196 2616 1225 2666 Μ
1303 2617 1341 2667 13.

315 2685 493 2744 seclusimus
513 2681 578 2756 ἆγγ.
597 2684 626 2734 Μ
718 2687 756 2753 rt.
773 2703 828 2758 μοι
845 2702 887 2737 orn
907 2685 937 2736 Μ
1026 2686 1057 2741 δὲ
1077 2690 1126 2738 καὶ
1145 2689 1174 2739 οἱ
1192 2685 1222 2736 Μ
1303 2686 1341 2738 15.

313 2771 371 2825 μου
390 2770 433 2806 om
452 2753 482 2805 Μ
570 2753 709 2825 derides?
800 2757 839 2808 ι6.
860 2759 886 2809 εἰ
910 2772 953 2807 orn
972 2755 1002 2807 Μ
1103 2773 1156 2830 μοι
1171 2754 1223 2820 sir,
1243 2753 1294 2810 oris
1313 2757 1342 2808 Μ

321 2842 360 2894 ιγ.
377 2824 489 2897 μάρτυρ
507 2825 537 2876 Μ
612 2843 645 2880 ου
663 2825 836 2876 alterutnum
854 2825 884 2876 Μ
958 2828 997 2878 se.
1015 2817 1110 2898 βαλῶν
1128 2827 1158 2880 Μ
1212 2845 1252 2900 ¹9·
1270 2825 1342 2898 ὖιιὶρ

314 2899 417 2968 μέτρον
434 2896 465 2948 Μ
519 2909 562 2948 το.
600 2901 713 2968 νθραιια
731 2900 780 2950 sot
797 2896 847 2952 τοῦ
864 2889 1001 2968 erupisti

247 3094 415 3163 interrogant
430 3102 458 3146 et
467 3092 654 3160 cohortantur,
665 3094 830 3164 tandemque
841 3091 1059 3162 archiepiscopus
1069 3092 1113 3144 his
1121 3090 1211 3144 verbis
1224 3092 1344 3162 compel-

247 3163 302 3217 lat:
319 3161 388 3234 “qui
406 3165 474 3234 quid
486 3173 642 3234 peccarunt,
660 3165 759 3234 lnquit,
773 3167 806 3216 ils
823 3181 878 3215 non
898 3162 967 3215 lrnec
986 3163 1168 3226 senissimus,
1185 3171 1217 3215 ut
1233 3171 1344 3216 tsceent

250 3243 279 3286 et
288 3234 359 3288 nihil
377 3236 525 3306 quidquam
536 3237 715 3306 pronuntient
732 3235 766 3288 de
783 3245 891 3306 pstrnto
907 3235 1025 3286 crimine.
1043 3251 1128 3304 quare
1141 3244 1180 3298 tu,
1201 3234 1243 3286 rir
1256 3233 1344 3286 hono-

250 3307 391 3368 ratissime,
407 3322 493 3377 quum
501 3308 536 3358 sis
548 3323 692 3374 generosus
705 3314 776 3358 etex
790 3307 926 3374 generosis
937 3304 1077 3367 oriundus,
1087 3305 1264 3374 interrogenti
1275 3303 1343 3356 mihi

251 3377 326 3445 speri
345 3379 505 3428 veritatem:
524 3379 637 3448 qninsm
657 3386 747 3430 tecum
769 3378 947 3430 coniursrunt
964 3375 1128 3446 consiliique
1146 3377 1226 3428 istius
1243 3376 1344 3428 conscii

158 3505 162 3512 ¹
251 3455 364 3498 suntet
383 3449 530 3516 participes
546 3449 592 3500 rel
606 3447 845 3518 comprobatores?
867 3446 920 3509 dic,
941 3445 1017 3518 quod
1035 3463 1077 3498 res
1095 3455 1145 3509 est,
1168 3465 1198 3499 nc
1215 3448 1277 3498 iuro
1295 3463 1345 3517 per

252 3516 389 3568 Christum
415 3527 579 3570 servatorem
611 3536 714 3582 meum,
740 3519 803 3570 illos
832 3517 937 3587 legibus
962 3534 1063 3588 poenae
1084 3516 1194 3571 daturos
1225 3534 1297 3582 esre,
1316 3525 1344 3568 te

250 3587 368 3638 liberum
384 3588 441 3639 lore
454 3597 483 3640 et
501 3587 536 3639 sb
549 3591 622 3640 omni
656 3591 802 3642 unestionis
815 3605 913 3658 genere
925 3585 1096 3640 immunem.”
1115 3590 1159 3640 cui
1177 3588 1226 3640 ille
1247 3589 1285 3640 sic
1301 3603 1346 3638 re-

251 3657 382 3727 spondit:
396 3655 465 3726 “ego
478 3666 506 3710 et
522 3668 603 3710 autes
621 3607 672 3711 sill
692 3659 757 3724 sliri,
774 3669 801 3712 et
819 3677 892 3712 nunc
911 3659 971 3712 dico
991 3661 1098 3722 iterum,
1117 3677 1168 3712 nec
1186 3659 1274 3728 ipsum
1293 3673 1346 3708 un·

251 3745 332 3798 quem
345 3744 387 3779 me
400 3729 477 3781 istius
489 3729 528 3780 rei
545 3729 702 3799 concupisce
717 3731 909 3799 cogitationem
924 3730 1109 3792 consiliumve,
1128 3747 1179 3781 nec
1191 3731 1274 3781 ulium
1287 3729 1344 3780 sire

252 3799 364 3851 humilis
391 3800 448 3851 sire
473 3799 588 3852 illustris
614 3799 782 3854 conditionis
814 3801 951 3854 hominem
978 3798 1013 3850 rle
1039 3801 1089 3852 tuli
1113 3801 1224 3869 negotio
1241 3815 1345 3851 mecum

237 3870 356 3938 ,egieeer
372 3869 456 3940 irlque
479 3872 585 3924 utinsm
603 3871 680 3923 nullo
708 3889 828 3942 unqusns
854 3871 936 3924 modo
956 3870 1010 3922 list
1036 3871 1113 3922 culus
1137 3871 1176 3923 rei
1200 3877 1283 3922 tester
1303 3872 1347 3921 in-

251 3957 319 3993 voco
340 3941 421 3992 deum
439 3943 571 4012 optimum
598 3943 743 3994 meximum
768 3951 850 4012 utque
873 3943 999 4011 angelos,
1028 3944 1076 4011 qui
1102 3943 1182 3994 invisi
1201 3941 1267 3993 suihi
1296 3939 1347 3993 sd-

253 4020 334 4063 stsnt.
361 4010 458 4082 quodsi
486 4015 519 4076 it,
546 4014 594 4085 qni
618 4029 662 4065 me
686 4014 821 4066 criminati
847 4022 925 4076 sunt,
953 4028 1030 4064 sures
1049 4013 1217 4083 imperatoris
1235 4011 1347 4063 mende-

253 4083 303 4134 eiis
321 4083 463 4136 sdversurn
483 4101 544 4147 me,
573 4101 679 4138 serrum
697 4086 769 4146 eius,
796 4085 919 4136 confictis
946 4094 1106 4145 onerarunt,
1122 4099 1172 4134 nec
1193 4083 1262 4134 milri
1279 4083 1346 4135 tides

254 4163 311 4220 est,
332 4171 388 4209 non
406 4154 511 4222 lrsben,
539 4155 614 4228 quod
640 4157 736 4209 dicem.
754 4165 803 4209 sut
825 4157 966 4227 quiscur,
984 4153 1032 4225 qui
1050 4169 1113 4209 rere
1132 4170 1175 4206 me
1195 4153 1286 4207 dicere
1305 4164 1347 4208 te-
