3130 4920
269 281 322 381 sd
584 305 762 371 ononeu
790 307 1034 372 errasnrznn

263 459 395 539 νάμενος
415 457 586 534 τοσούτους
607 457 665 523 τού
681 456 848 532 τοιούτους
869 457 1030 532 κλύδωνας
1049 454 1107 521 aci
1116 459 1286 534 θαλάσσας
1307 483 1361 522 νυ·

264 559 418 640 deperiunt
436 559 493 622 ιιαύ
511 557 570 634 τάς
590 561 670 633 νούς
688 560 744 621 καὶ
761 554 835 632 τούς
856 561 1008 631 πλδοντας
1029 555 1068 620 ού
1081 557 1207 641 βλάψαι
1226 552 1250 640 ἢ
1266 580 1364 622 ιιατο-

265 659 421 720 ποντύσαι.
473 655 577 743 ἐφάνη
612 656 701 745 αύτῷ
730 658 806 738 περὶ
832 658 890 720 τού
910 657 1078 740 εἰρημένου
1100 659 1272 743 Κσμνηνοά
1292 661 1364 722 Μο-

264 753 351 836 χαηλ
371 756 425 819 ἵνα
445 752 501 818 διά
522 757 707 839 συνδρομῆς
728 753 830 820 αύτού
849 756 893 843 τῷ
913 752 1007 818 παιδὶ
1026 751 1184 842 βοηθήσῃ.
1227 749 1268 838 ἦν
1288 754 1364 820 δὲύ

267 851 347 936 α’νηρ
370 861 437 928 τοῖς
459 857 556 919 πάσιν
576 855 730 938 ἐπίσημος
750 851 807 918 κατ’
827 857 1053 936 περίβλεπτος,
1073 858 1131 918 aar*
1149 850 1168 938 ἢ
1190 852 1282 941 φήμη
1303 855 1393 930 αύ-5

266 956 324 1016 τού
345 951 402 1028 τάς
428 954 491 1017 τοῖν
520 953 666 1018 άπάνιοον
695 949 795 1027 άιιοάς
826 955 1030 1037 άνηχιζουσα.
1086 950 1278 1039 φιλούμενος
1299 953 1363 1019 dud

268 1054 410 1132 noticia,
442 1051 485 1128 άς
515 1049 659 1138 εἴρηται,
688 1050 805 1134 ὁμοίως
825 1055 880 1116 κατ’
901 1049 920 1116 d
940 1053 1140 1136 πατριάρχης
1167 1055 1229 1117 τάν
1250 1056 1366 1120 ιἰιιῑνον

270 1148 465 1234 ἀγαπώντων
486 1146 525 1214 ού
547 1149 675 1236 μακράν
696 1153 841 1231 διέκειτο,
864 1149 947 1216 άλλά
963 1160 1102 1234 κρεῖττον
1115 1155 1170 1216 ani
1190 1153 1284 1218 πλέον
1302 1153 1368 1218 τάν

269 1245 374 1314 ἄλλων
394 1248 451 1315 ταὶ
470 1250 568 1325 ούτύς
589 1251 693 1336 ἕφιλει
713 1254 834 1316 τοῦτον.
876 1254 1032 1334 καίτοιγε
1052 1253 1107 1316 καί
1125 1249 1184 1327 τάς
1203 1257 1287 1328 ιιλεῖς
1304 1254 1367 1316 τάν

269 1353 445 1432 βασιλικῶν
472 1353 649 1434 θησαυρῶν
683 1350 772 1439 αύτῷ
804 1352 892 1438 adep
922 1351 1136 1414 ἑνεπάστουεν·
1190 1349 1246 1416 ιιαί
1273 1348 1368 1415 tuder
1381 1377 1417 1419 ro

270 1445 444 1534 χρημάτων
472 1448 513 1514 τὰ
533 1447 746 1533 στρατιωτικά
770 1446 876 1514 ἐδέετο
905 1445 1078 1534 πράγματα
1099 1447 1196 1535 καλή
1219 1451 1283 1516 τάν
1302 1471 1368 1514 κοι-

272 1551 337 1614 νάν
357 1549 472 1632 χρειά,
502 1543 590 1636 αύτῷ
619 1547 779 1635 ἀπῄτουν·
829 1543 905 1633 ύπιρ
927 1552 975 1624 εἰς
1002 1547 1042 1614 τά
1072 1547 1273 1632 μιλετύμενά
1296 1571 1369 1615 ποτε

273 1649 384 1731 καιρὸν
404 1644 584 1730 ἔμπροσθεν
606 1647 647 1710 δι’
669 1647 771 1712 αὐτοῦ
789 1645 1043 1731 ἀνυσιμώτατον,
1063 1651 1197 1726 καὶτοῖς
1211 1653 1370 1736 &polluu-

272 1751 381 1828 μένοις
401 1748 437 1811 διε
458 1749 577 1812 πολλοῦ
597 1750 697 1832 πέρας
718 1743 868 1824 ύξύτατον
897 1747 1073 1832 παρέσχεν.
1115 1749 1285 1832 λαβόμενος
1307 1746 1370 1833 γάρ

273 1845 383 1922 οἶδαόις
402 1847 450 1921 εἰς
481 1850 623 1910 τοσαύτα
650 1849 936 1930 μεταχειρίζεσθαι
963 1841 1116 1932 χρήματα
1123 1897 1133 1930 ,
1156 1849 1279 1925 πάντας
1295 1846 1420 1924 sorim

273 1947 308 2010 de
333 1947 417 2028 γένει
443 1944 499 2010 κατ’
525 1949 590 2011 τοῖν
616 1949 818 2031 στρατιωτῶν
846 1945 903 2010 ούιι
925 1940 1054 2030 ἆλτ’γους
1073 1949 1255 2033 ἐνέπλησεν,
1288 1946 1370 2013 άλλά

272 2049 330 2110 aar*
344 2049 408 2110 τάν
427 2039 496 2110 ὅσοι
515 2042 574 2128 τὴν
587 2049 735 2127 γλάσσαν
755 2040 873 2133 ῥᾳδίαν
890 2038 975 2128 εἶχον
991 2049 1191 2131 δημαγωγεῖν
1202 2046 1258 2113 τύν
1277 2037 1373 2131 ὄχλον

276 2141 470 2227 liddeum}
514 2137 554 2227 ἦν
576 2147 612 2208 δὲ
633 2149 691 2208 κατ’
712 2142 811 2218 αύτός
842 2139 859 2205 d
883 2145 1052 2228 Κομνηνδς
1073 2143 1182 2222 ἱκανάς
1201 2149 1237 2212 ἐν
1258 2147 1374 2230 γνοάσει

275 2265 310 2308 τι
329 2241 385 2306 καί
403 2239 537 2326 πράξει,
559 2243 615 2306 aad
634 2243 668 2306 dr
686 2243 731 2330 τῷ
744 2247 846 2325 λέγειν
859 2244 1129 2328 ἐπιτηδειότατος,
1150 2250 1207 2312 κατ’
1225 2243 1374 2332 ἔμπειρος

276 2339 470 2426 πραγμάτων
497 2343 654 2405 παντοιάν
678 2339 736 2406 κατ’
760 2342 929 2424 βασιλείαν
957 2342 1012 2408 καὶ
1032 2342 1109 2410 λαὸν
1130 2346 1301 2431 διοικῆσαι.
1340 2348 1423 2420 sr'20

351 2547 373 2579 ι.
400 2523 554 2585 τοσούτους
578 2523 729 2585 κινδύνους
753 2527 803 2579 καλ
826 2525 1115 2586 cacodaemone
1219 2545 1245 2584 n.
1264 2529 1336 2598 νῆας
1355 2529 1374 2581 Ρ

349 2597 374 2648 3.
390 2589 495 2668 μιχαῆλ
515 2597 564 2650 τοῦ
580 2596 722 2686 :superveni
740 2594 760 2646 P
813 2599 839 2666 4.
852 2598 1127 2718 παιδὶΙΡπατριάρχη
1145 2598 1174 2650 bd
1227 2605 1253 2656 6·
1265 2599 1375 2671 φοβού-

345 2667 467 2740 μενοςΡ
543 2683 581 2718 ιο.
601 2667 695 2739 undas]
715 2667 766 2736 οἵῳ
787 2661 820 2730 δὴ
839 2667 929 2736 καιρῷ
1043 2685 1081 2720 ιι.
1100 2669 1210 2724 ἐδέοντο
1230 2671 1260 2720 Μ
1334 2686 1372 2722 ιο.

348 2736 526 2792 ἀπαιτοῦσα·
547 2731 611 2790 tot
704 2735 742 2786 13.
759 2735 849 2807 καιρά
868 2742 936 2809 περὶ
954 2734 1076 2790 nicotii)
1170 2741 1374 2862 ιητταρέσχειη

348 2801 420 2876 air?
515 2810 554 2860 rb.
572 2803 670 2867 ridetur
684 2805 857 2870 τοσαύτηςΡ
937 2811 986 2860 aut
1003 2806 1115 2868 πάντας
1133 2805 1206 2879 ἄρας
1221 2807 1344 2882 εὐγενεῖς

352 2898 391 2949 ¹7·
412 2881 461 2933 καλ
480 2874 559 2934 ὅσων
575 2879 595 2930 Ρ
697 2884 735 2932 rt.
756 2874 895 2944 ἧδύναντο
913 2895 948 2950 pr
964 2877 1002 2944 P,
1019 2880 1106 2936 πλέον
1123 2895 1176 2932 sec.
1263 2897 1305 2934 ac.
1322 2889 1376 2954 pa.

349 2953 454 3011 σιλείιις
471 2953 520 3003 καὶ
531 2947 609 3005 λαιάν
630 2945 794 3015 διοικὴσεως
811 2949 830 3000 Ρ

277 3104 483 3175 eprincipibus
504 3121 600 3156 navem
622 3119 683 3156 cnm
705 3101 861 3155 vectoribus
889 3103 920 3155 in
945 3110 1022 3156 tauta
1044 3104 1175 3157 ductumn
1205 3106 1376 3160 aestuatione

278 3180 336 3230 sinc
356 3177 449 3246 aliqua
468 3175 621 3242 offensione
640 3182 688 3226 ant
705 3173 886 3226 demersiones
902 3174 1036 3227 moderari
1067 3193 1098 3228 ac
1117 3193 1209 3244 regere
1228 3187 1328 3246 posset.
1346 3179 1378 3232 in

168 3255 170 3264 ’
277 3257 397 3302 ruentem
414 3247 531 3300 occurrit
550 3247 588 3308 is,
605 3243 640 3295 da
661 3261 715 3314 quo
734 3245 869 3308 diximus,
895 3244 1014 3297 Micbael
1031 3244 1203 3310 Comnenus,
1223 3249 1301 3301 cuins
1321 3265 1376 3319 ope

278 3317 361 3370 saluti
388 3317 467 3388 pueri
492 3317 670 3386 prospiceret.
706 3324 764 3368 erat
789 3317 812 3368 is
836 3314 937 3368 nobilis
957 3324 985 3368 et
1001 3316 1116 3369 illustris
1148 3318 1272 3389 famaque
1302 3321 1377 3390 apud

279 3405 373 3440 omnes
385 3389 505 3441 inclitus.
513 3385 670 3451 accedebat,
682 3385 766 3456 qnod,
783 3386 855 3438 sicut
867 3385 940 3456 apud
954 3387 1053 3440 multos
1064 3404 1126 3440 eum
1136 3393 1283 3458 gentiacum
1293 3390 1377 3443 inisse

279 3457 430 3522 docuimus,
447 3459 487 3510 ita
498 3457 652 3528 patriarcha
665 3459 776 3510 minime
789 3455 954 3510 abhorrebat
971 3457 1005 3510 ab
1020 3459 1078 3512 aius
1096 3476 1198 3524 amore,
1220 3461 1268 3512 sed
1279 3463 1377 3514 ceteris

280 3530 362 3582 stiam
390 3530 475 3597 magis
501 3530 588 3582 amica
615 3546 677 3582 eum
699 3527 924 3599 amplectebatur.
949 3528 1044 3600 itaque
1067 3531 1110 3582 ilii
1129 3532 1181 3583 soli
1206 3532 1296 3584 clares
1319 3531 1378 3585 fisci

279 3599 412 3663 tradidit,
438 3601 479 3651 ita
499 3607 548 3663 ut,
577 3616 649 3670 quae
675 3617 744 3670 opus
764 3607 822 3653 erat
844 3599 881 3652 ad
902 3616 958 3651 rem
977 3601 1032 3654 sire
1049 3601 1178 3654 bellicam
1195 3604 1252 3656 sire
1270 3603 1378 3655 civilem

280 3669 521 3724 administrandam
549 3671 682 3738 pecunia,
708 3672 796 3722 omnis
814 3670 934 3741 petenda
953 3681 1026 3724 esset
1050 3691 1066 3724 a
1084 3673 1232 3726 Comneno.
1247 3689 1318 3743 qnae
1336 3690 1380 3728 res

281 3741 318 3794 ad
336 3741 451 3793 consilia
470 3739 536 3792 olim
555 3739 625 3792 inita
640 3741 808 3810 perficienda
827 3743 997 3794 occasionem
1016 3743 1069 3794 sio
1090 3745 1308 3813 portunisrimam
1330 3743 1381 3797 de·

283 3813 334 3876 dir,
352 3821 381 3864 et
398 3813 502 3864 exitum
518 3812 560 3874 iia,
579 3828 650 3881 quae
667 3811 774 3880 pridem
796 3811 867 3864 fama
885 3816 1016 3874 iactarat,
1038 3759 1154 3867 cefersm
1172 3816 1310 3886 imposuit.
1330 3815 1381 3868 ad·

283 3892 363 3954 eptns
383 3883 456 3936 enirn
482 3890 575 3934 tantu
598 3883 731 3952 pecuniae
755 3881 869 3936 liberam
894 3891 1058 3953 potestatem
1081 3902 1208 3956 proceres
1235 3901 1329 3938 omnes
1351 3893 1380 3939 et

282 3954 384 4006 milites
403 3970 460 4006 non
475 3969 593 4023 paucos,
623 3969 743 4022 eoaque,
762 3955 810 4022 qui
833 3955 953 4023 linguam
970 3955 1077 4008 facilem
1101 3955 1241 4010 habebant
1261 3956 1298 4008 ad
1315 3969 1381 4025 por-

282 4023 444 4078 tentandarn
470 4023 598 4094 plebem,
630 4023 787 4076 cumulabat
812 4025 947 4096 praemiis.
966 4034 1026 4078 erat
1044 4028 1127 4080 etiam
1146 4029 1206 4098 ipss
1223 4027 1380 4080 Comnenus

284 4104 411 4148 strenuus
428 4097 457 4147 in
475 4096 598 4148 consiliis
615 4103 672 4148 tum
688 4095 817 4149 ineundis
830 4105 886 4150 tum
900 4097 1090 4166 perficiendis,
1109 4099 1272 4150 exercitatus
1288 4099 1318 4148 in
1336 4097 1381 4148 di-

284 4165 371 4220 cendo
389 4175 418 4220 st
436 4183 524 4222 rerum
544 4167 662 4221 cranium
680 4165 716 4220 ad
732 4165 974 4223 administrandam
991 4168 1203 4242 rempublicam
1221 4167 1380 4240 rependam·
