3062 4920
396 361 400 370 ⁴
485 347 561 410 mu.
585 350 610 409 1.
639 345 732 413 car.
751 347 874 412 xxxn.
1116 301 1119 310 ’
1168 317 1225 435 95

128 491 324 578 Καλοβρόας
355 496 412 560 τισι·
439 496 495 580 τῆς
523 478 708 578 Ἀπουλίας,
738 498 794 560 nui
811 497 847 561 ἓν
875 496 919 585 τῷ
949 498 1149 580 ἀπέρχεσθαι
1170 497 1227 564 τόν
1302 511 1313 532 ·

129 591 243 656 στόλον
263 589 436 659 Ζότονθον
455 595 512 658 καί
533 597 739 681 Κεφαλοιιάν
761 594 924 671 ιλποτελεῖς
945 597 1092 681 ἐποίησε·
1138 598 1228 683 φθά-

128 713 191 767 σας
210 692 247 756 ἀλ
273 688 292 756 ό
321 693 434 768 στόλος
463 695 498 758 όν
524 697 565 781 τῇ
593 697 786 784 Κολαβριλρι,
817 691 854 759 τό
884 693 1040 780 φροόριον
1067 696 1104 761 τό
1135 698 1170 762 ἐν
1190 697 1229 786 τῇ

130 789 284 879 Ἀποολιλρι
309 789 345 856 τό
376 790 541 876 λεγόμενον
562 793 695 877 Ὑδροός
720 795 910 870 ἀποκλείσας
937 796 993 859 κατ’
1018 793 1230 881 πολιορκήσας

101 887 212 960 sadra·
233 888 349 974 ἔλαβε,
369 891 425 957 arni
443 894 535 979 ἔτερα
556 890 697 979 φροόριό
719 917 791 959 τινα
820 891 929 978 λαβιόν
948 890 1059 978 πρόσω
1080 895 1230 978 ἐπορεύε-

130 1011 182 1056 το.
224 995 282 1056 aar·
300 989 357 1057 όόν
386 991 431 1076 μὴ
459 991 479 1058 ό
507 989 585 1069 θεός
617 994 651 1072 ἐξ
678 993 859 1076 ἀνθρώπων
886 994 1035 1077 ἐποίησεν
1063 991 1163 1058 αιότόν
1182 985 1230 1070 οἷς

130 1084 200 1155 uita
216 1086 364 1173 τρόποις,
392 1089 432 1157 τό
460 1085 556 1172 όμοιο
584 1091 630 1168 nic
661 1100 717 1158 καί
735 1093 826 1177 ἡμεῖς
846 1089 877 1156 oi
895 1091 1012 1158 Ἰταλοὶ
1030 1089 1153 1157 ἔπαθον
1175 1085 1227 1157 όν.
1247 1112 1283 1151 aa

130 1188 305 1268 ἀνατεθεὶς
337 1193 374 1256 δὲ
406 1185 424 1253 ό
455 1190 594 1267 θάνατος
621 1190 724 1258 odensi
748 1193 783 1256 ἐν
801 1193 842 1279 τῇ
860 1191 997 1278 Ἰταλίᾳ,
1017 1187 1047 1255 oi
1068 1189 1230 1274 σατράπαι

132 1291 193 1354 κατ’
210 1287 242 1354 οἱ
261 1293 450 1374 κυβερνῆται
470 1293 529 1356 τοῦ
558 1289 669 1356 στόλον
689 1288 746 1356 ani
763 1293 821 1356 τοῦ
841 1295 984 1374 στρατοῦ
1002 1291 1082 1372 μετὰ
1103 1289 1231 1373 συμβό-

86 1411 216 1464 ιοσειος
235 1386 274 1454 τό
295 1386 437 1474 φροόρια
457 1392 588 1476 ἀφέντες
608 1391 643 1454 ἐκ
663 1392 720 1475 τῆς
739 1387 871 1466 Ἰταλίας
891 1391 1118 1474 ἀνεχώρησαν·
1174 1391 1235 1454 κατ’·

132 1481 238 1562 οὗτος
257 1485 298 1552 τό
328 1489 363 1554 όν
388 1491 427 1578 τῇ
447 1492 621 1578 Καλαβριλμ
641 1487 824 1573 1γεγόνασιν.
873 1491 1077 1572 ἐβασίλευσεν
1106 1491 1142 1553 ἀὲ
1171 1485 1229 1573 ἔτη

133 1581 196 1650 driu
225 1588 283 1650 τιαό
307 1583 500 1671 τριάκοντα,
530 1587 586 1653 roi
611 1591 689 1653 όόνοι
717 1592 881 1673 βασιλείας
904 1589 1041 1666 ὑπέταξε
1060 1587 1117 1652 soi
1135 1587 1230 1654 ε’όοό.

132 1691 240 1765 λοισι,
263 1687 317 1752 καλ
338 1688 501 1764 dromedae
519 1687 627 1765 πόλεις
647 1689 682 1753 tx
702 1692 766 1753 τοῖν
786 1691 992 1772 Χριστιανῶν
1011 1685 1116 1768 ἔλαβε.
1137 1691 1230 1754 πέντε

131 1787 170 1852 di
192 1787 379 1862 διαλέκτους
407 1789 510 1870 χιορός
536 1791 593 1874 τῆς
623 1786 724 1853 adsoni
750 1789 856 1873 όρόιός
875 1785 1009 1868 οόμίλει,
1028 1781 1229 1871 Ἑλληνικόν,

81 1883 331 1969 ιδΑιττινινιόν,
351 1882 546 1973 Ἀροβιιιὴν,
576 1883 765 1970 Χαλόαΐεὴν
793 1887 850 1950 κατ’
875 1883 1053 1968 Περσικήν.
1102 1884 1175 1950 λεἀν
1190 1878 1231 1970 ἦν

129 1982 384 2070 εὐφραινόμενος
401 1983 524 2068 όμιλεϊν
538 1990 595 2052 uui
613 1986 816 2070 διαλέγεσθαι
834 1981 913 2067 μετά
932 1987 1042 2070 σοφιόν
1062 1987 1118 2050 κατ’
1136 2005 1229 2048 σοντ-

129 2086 197 2148 τιόν
217 2083 361 2167 ἀνδρῶν·
417 2085 469 2150 riui
491 2089 584 2154 τοότο
605 2083 662 2150 aui
677 2081 732 2150 τόν
750 2082 955 2170 πατριάρχην
979 2081 1039 2167 ado
1059 2085 1091 2148 Γ
1087 2080 1229 2148 εννόόιον

131 2176 244 2266 η’γόπα
264 2183 319 2248 eoi
351 2177 464 2269 ἤκουεν
485 2187 586 2251 adseri
606 2184 662 2251 καί
680 2184 832 2268 συχνάκις
860 2185 971 2264 οόμιλει
994 2184 1091 2272 αὐτῷ.
1142 2179 1227 2266 ἔλεγε

133 2284 173 2347 ἀλ
195 2275 246 2346 ότι
278 2285 313 2345 εἰι
332 2287 389 2365 τῆς
410 2282 473 2350 τάν
505 2279 630 2369 όοτροον
657 2278 807 2371 κινήσεως
835 2280 1001 2367 ἐγνώριζεν
1020 2277 1070 2348 ότι
1087 2287 1230 2366 βασιλεῖς
1339 2279 1344 2290 ”

75 2379 267 2462 αοέμελλεν
285 2379 440 2462 όποτόξαι
468 2387 525 2450 arni
553 2383 688 2459 πολλοός
707 2383 823 2459 τόπους
848 2384 1028 2464 δουλῶσαι,
1056 2384 1114 2448 ιιαό
1131 2378 1231 2459 οότονς

132 2482 269 2564 ἐγένετο.

224 2579 297 2645 Κατ’
326 2577 427 2659 edrone
450 2585 528 2665 μόν,
556 2578 665 2658 καθεὶς
693 2579 905 2666 ἱστορήσαμεν
931 2587 1000 2648 κατ’
1020 2581 1189 2666 ἐπιτομήν,
1210 2579 1229 2663 ἦ

133 2678 225 2767 ἀρχό
246 2679 302 2746 τοῦ
320 2685 429 2766 μόνους
446 2685 506 2748 τοῦ
514 2684 626 2768 ἀμηρό
644 2679 823 2764 Ὀτθμόνον
835 2681 964 2748 sudreie
983 2685 1017 2762 ἔξ
1034 2681 1133 2748 oritoni
1151 2674 1231 2747 dno·

216 2874 239 2909 ι.
256 2857 466 2927 ἐπανέρχεσθαι
482 2859 512 2912 Μ
598 2875 625 2912 a.
643 2858 783 2925 aarum
802 2859 821 2912 Ρ
890 2860 915 2926 λ.
933 2855 1023 2932 όόροο
1039 2857 1074 2923 P,
1091 2853 1233 2929 ἀόρινθόν

210 2927 450 3070 ιιιιηιτςὲιαέέριρριρ.
460 2933 529 3005 παρ’
544 2925 656 2994 Ἰταλοῖς
666 2929 826 3004 Ὀτρανιον.
843 2927 1001 2987 Pachomius
1020 2931 1050 2984 in
1066 2929 1186 3000 margine
1203 2927 1233 2982 Μ

136 3153 226 3215 atque
243 3145 272 3196 in
290 3143 389 3198 itinere
406 3144 569 3213 Zacynthum
601 3151 630 3200 et
654 3144 846 3216 Cephalaniam
869 3145 1013 3216 vectigales
1031 3144 1103 3196 iecit.
1121 3142 1234 3214 appulsa

135 3219 230 3270 classe
248 3213 282 3266 ad
302 3215 470 3280 Calabriam,
490 3215 621 3287 oppidum
633 3215 750 3287 Apuliae
774 3217 941 3284 Hydruntem
962 3215 1072 3267 obsedit
1089 3217 1234 3285 cepitque,

136 3299 229 3358 atque
254 3285 315 3338 aliis
339 3287 502 3357 quibusdam
526 3287 635 3358 oppidis
660 3289 814 3358 occupatis,
840 3287 910 3338 uitra
939 3285 1078 3356 processit.
1106 3299 1155 3348 ac,
1180 3285 1235 3336 nisi

138 3361 213 3413 deus
233 3375 311 3422 eum,
325 3359 423 3428 quibus
444 3359 515 3412 solet
532 3357 698 3422 rationibus,
717 3376 732 3410 e
748 3359 816 3412 rivis
833 3359 998 3420 abstulisset,
1018 3371 1162 3406 aerumnae
1182 3372 1234 3407 no-

137 3432 206 3484 stsis
232 3445 308 3499 pares
333 3429 492 3482 subeundae
517 3429 595 3482 italie
613 3429 734 3482 inissent.
775 3437 913 3498 comperta
940 3429 998 3480 ciue
1016 3433 1104 3478 morte
1124 3427 1154 3478 in
1178 3427 1235 3479 lta-

135 3503 195 3564 iia,
223 3510 344 3570 satrapae
362 3509 391 3554 ct
410 3499 491 3554 duces
509 3500 601 3553 classis
625 3509 708 3570 atque
728 3501 862 3553 exercitus
879 3498 929 3550 snb
952 3495 1155 3550 conditionibus
1172 3498 1235 3568 qui-

137 3571 256 3626 busdam
276 3569 378 3642 oppida
401 3573 578 3624 restituerunt
605 3579 633 3624 et
649 3587 683 3623 es
699 3571 780 3624 italia
805 3569 986 3622 decesserunt.
1004 3585 1045 3621 ree
1064 3569 1093 3620 in
1107 3567 1235 3620 Calabria

137 3645 227 3712 igitur
252 3643 291 3695 ita
320 3650 479 3696 evenerunt.
503 3641 623 3711 regnavit
650 3657 736 3694 annor
762 3641 830 3694 duos
849 3649 878 3694 et
901 3640 1026 3710 triginta3
1043 3639 1189 3710 acquisivit
1206 3647 1236 3694 et

138 3713 261 3768 subiecit
280 3712 335 3766 sibi
353 3729 436 3782 regua
448 3712 552 3778 decem,
569 3721 598 3766 et
607 3711 767 3766 Christianis
784 3711 865 3764 urbes
883 3711 1014 3765 ducentas
1025 3711 1135 3782 eripuit.
1154 3711 1236 3781 qnin-

139 3801 199 3858 que
216 3786 320 3854 linguas
340 3793 448 3854 praeter
466 3801 541 3836 suam
558 3782 643 3854 probe
666 3793 795 3845 noverat,
815 3783 961 3846 Graecam,
979 3783 1121 3846 Latinam,
1138 3781 1235 3833 Arabi-

139 3873 218 3920 cam,
235 3855 430 3920 Chaldaicam,
449 3855 590 3906 Persicam.
609 3854 638 3906 in
656 3853 844 3923 congressibus
861 3863 890 3907 et
906 3853 1052 3938 coiiuquiia
1066 3869 1127 3904 cram
1145 3852 1236 3904 bomi-

140 3927 222 3981 nibus
253 3927 370 3980 eruditis
386 3943 418 3978 ac
446 3925 626 3995 prudentibus
653 3923 842 3978 bilariserat:
861 3934 1043 3996 quercetum
1063 3922 1236 3975 Gennadium

139 4001 322 4070 patriarcham
335 3995 470 4066 diligebat
487 4007 514 4050 et
531 3995 661 4049 audiebat
677 3997 887 4066 frequenterque
909 3993 1098 4048 conveniebat.
1117 3993 1236 4056 dicebat,

142 4069 269 4124 didicisse
288 4087 318 4124 se
337 4087 372 4121 ex
390 4075 522 4122 astrorum
537 4065 770 4131 conversionibus,
793 4083 821 4118 τι
842 4083 917 4138 reges
942 4075 970 4118 et
988 4067 1047 4118 ioca
1063 4065 1150 4118 muita
1170 4063 1237 4117 eub-

142 4151 263 4197 arturum
282 4157 364 4196 esse:
383 4139 414 4192 id
432 4139 508 4208 quod
525 4155 589 4190 rane
607 4139 707 4190 evenit.

209 4215 280 4270 Tale
302 4213 399 4285 igitur,
418 4211 500 4282 quale
519 4209 613 4284 paucis
630 4205 862 4272 adumbravimus,
879 4205 1022 4260 Otitnsanis
1038 4217 1144 4261 amarae
1163 4205 1236 4257 eiur-
