3026 4924
350 272 432 360 ι8ο
664 297 837 364 σεοοσιι
867 251 1115 362 'asinanum

342 471 417 515 ναιο
437 440 487 512 ὅτι
509 449 550 512 ου’
570 425 722 534 φαίνεταί
737 472 793 530 μοι
814 444 912 514 καλὸν
939 441 1022 512 εἶναι
1043 447 1096 512 ἵνα
1118 443 1224 536 άπάχη
1249 450 1303 514 καί
1321 452 1420 516 τοσοῦ-

341 571 395 614 τον
413 545 564 634 μοχθηση
585 549 641 612 ταί
663 545 873 636 καταναλώσῃ
893 545 948 612 τόυ
965 547 1038 630 βιόν
1059 549 1173 630 ου’τοῦ,
1194 545 1248 612 καί
1266 555 1421 632 μετέπειτα

284 653 319 722 io
341 650 377 713 τί
395 645 430 712 τά
453 651 582 733 κέρδοςς
606 645 676 712 s'dosi
700 645 760 731 ἐγώ
775 648 856 730 ὑπὲρ
872 645 985 730 usitari,
1007 648 1039 711 εί
1050 649 1162 732 χρειάν
1175 643 1243 729 ἔχει
1261 647 1422 733 χρημάτων

341 750 385 812 δι’
397 745 505 828 ἔξοδον
515 752 570 814 καί
583 745 707 814 εἴσοδον
721 747 776 812 καί
787 742 863 814 άλλο
874 775 904 813 τι
919 745 999 831 πρὸς
1009 750 1184 831 θεραπείαν
1194 747 1303 830 usiani,
1312 743 1422 832 ἕτοιμός

340 851 407 930 εἰμι
425 849 625 932 θεραπεῦσαι
645 845 753 912 αάτόν.
798 851 852 913 καί
875 850 997 932 ἐγένετο
1018 845 1117 923 πολὺς
1137 845 1229 931 λόγος
1249 851 1304 914 καί
1321 849 1444 932 βουλη,5

338 947 469 1028 πότερον
497 949 626 1032 γίνηται
656 943 772 1012 τὸτοῦ
794 949 904 1032 α’μηρά
924 951 1068 1031 θέλημα,
1097 941 1120 1031 ἢ
1141 949 1293 1013 άπελθεῖν
1312 943 1422 1018 οὗτοί(

339 1050 386 1123 εἰς
414 1048 472 1132 την
500 1043 643 1112 σάνοιλον.
702 1043 785 1130 ὅμως
816 1051 936 1132 ἐγένετο
954 1041 1030 1132 ὅπερ
1059 1039 1173 1132 ἤθελεν
1203 1043 1424 1132 άβασιλεύςῆ

337 1151 459 1228 μᾶλλον
481 1147 500 1230 ἡ
523 1146 601 1230 κακὴ
623 1146 714 1232 τάχη.
758 1147 939 1226 ἐξελθόντος
962 1139 1018 1212 οὖν
1042 1151 1102 1212 τοῦ
1119 1151 1276 1228 βασιλέως
1295 1146 1356 1214 uini
1378 1149 1425 1230 τῆς

338 1247 460 1323 πόλεως
477 1245 533 1312 καί
545 1245 774 1332 ἀπερχομένου,
786 1250 999 1330 ἐβουλεύσατο
1014 1245 1174 1334 ῥάμηράς
1189 1251 1319 1332 ποιῆσαι
1329 1243 1426 1330 μάχην

339 1345 420 1410 κατά
433 1351 488 1430 τῆς
502 1345 623 1422 πόλεως
635 1349 691 1411 καί
704 1348 903 1430 στρατόπεδα
917 1347 1044 1429 πέμψαι
1058 1353 1126 1412 κατ’
1139 1348 1249 1432 αὐτῆς.
1269 1350 1326 1414 καί
1342 1349 1425 1412 τοῦτο
1436 1369 1463 1411 ιο

340 1443 427 1530 παρά
441 1447 520 1512 πάσι
533 1455 597 1521 τοῖς
612 1441 715 1512 airon*
725 1443 906 1532 ἐβεβαιώθη
919 1447 975 1512 καί
984 1443 1172 1532 ε’στερεοίθη,
1184 1439 1260 1512 άνευ
1269 1447 1368 1528 μόνον
1378 1449 1428 1510 τοῦ

338 1549 447 1611 Χαλίλ
468 1550 606 1627 μπασιοῖ,
627 1541 715 1622 ὅστις
735 1547 865 1630 άντίστη
894 1550 993 1630 λέγων
1013 1541 1065 1611 ὅτι
1088 1549 1119 1612 εἰ
1139 1544 1219 1612 κατά
1240 1549 1296 1631 τῆς
1316 1544 1426 1617 πόλεως

336 1641 481 1728 ποιήσεις
499 1644 619 1730 μάχην,
640 1645 763 1728 μᾶλλόν
783 1649 870 1712 ἐστιν
891 1643 1069 1729 ἐπιβλαβές,
1090 1643 1136 1730 μη
1158 1669 1225 1722 πως
1245 1645 1262 1710 ὁ
1284 1643 1427 1728 βασιλεῦς

337 1745 372 1822 ἐξ
391 1741 527 1830 α’νάγιιης
559 1746 685 1830 δεηθείς
709 1747 798 1829 πυρά
830 1747 891 1811 τοῖν
909 1750 1061 1812 Λατίνων
1080 1745 1235 1830 βοήθειαν
1255 1740 1427 1830 ἐπικυρώσῃ

337 1841 378 1910 τά
402 1843 542 1926 δόγματα
564 1847 687 1928 αάτυῐν,
711 1845 765 1910 καί
796 1845 1025 1930 ὄμονοησαντες
1044 1841 1122 1926 ὁμσῦ
1142 1842 1338 1928 γενήσονται,
1358 1841 1465 1927 inepti

336 1941 551 2026 ἐνδοιάζομεν.
600 1945 668 2010 ἀλλ’
703 1937 785 2031 άφες
817 1941 897 2010 αὐτά
928 1947 1006 2026 νῦν,
1037 1948 1097 2022 ἕως
1119 1941 1160 2010 du
1179 1943 1249 2033 ίιλης
1274 1951 1310 2012 τί
1324 1941 1429 2030 πράξει

337 2041 460 2124 ου’τάς,
483 2043 539 2110 καί
557 2045 589 2110 εί
607 2047 667 2127 μὲν
690 2041 909 2130 άμονοησαισι,
931 2041 973 2110 osi
998 2038 1122 2128 άχάπην
1144 2041 1198 2127 ἔχε
1218 2051 1288 2126 μετ’
1310 2046 1429 2110 ἐκείνου

336 2140 393 2206 καί
411 2137 524 2226 ὅρκους
544 2147 590 2220 είς
611 2145 647 2209 τὸ
673 2147 782 2229 πρόσω
803 2141 916 2210 πάλιν·
958 2145 1003 2220 οἷς
1024 2143 1104 2230 itm,
1118 2139 1199 2210 οὕτω
1221 2143 1279 2208 καί
1297 2139 1428 2229 πράξεις·

336 2243 368 2306 εἰ
386 2244 418 2304 d'
438 2243 500 2325 οὐχ
522 2239 731 2326 άμονοήσοοσι,
755 2243 825 2309 τότε
845 2247 967 2324 μᾶλλον
988 2246 1149 2326 ἐξέρχεται
1172 2239 1359 2326 ὅλογισμὸς,
1383 2239 1431 2304 καί

337 2336 418 2420 μετά
442 2339 582 2417 πλείονος
607 2342 752 2427 θάρσους
776 2341 919 2426 ποιήσεις
941 2341 960 2406 3
980 2341 1090 2429 βούλῃ.
1112 2343 1170 2406 καί
1189 2340 1273 2427 αάτη
1294 2340 1315 2428 ἦ
1338 2339 1467 2426 βουληιο
1506 2387 1507 2443 η

337 2437 472 2522 τὸνμὲν
505 2441 636 2526 α’μηρᾶν
668 2443 726 2506 τοῦ
746 2445 868 2507 σκοποῦ
894 2441 1069 2522 ἐκώλυσεν,
1102 2444 1179 2526 περί
1198 2443 1314 2506 diroti
1333 2443 1431 2507 Χαλίλ

338 2541 467 2658 garunsai
496 2537 554 2626 την
572 2537 692 2625 βουλὴν
711 2537 821 2618 δόντος
851 2544 895 2630 τῷ
913 2544 1018 2631 ναιρηῖ
1032 2545 1151 2623 μαθεῖν
1171 2539 1256 2626 ἡμᾶς
1276 2535 1357 2608 ἄλλα
1377 2543 1432 2605 sois

340 2643 461 2714 αλλςον.

409 2739 486 2830 avt
508 2750 599 2804 ombi
673 2765 713 2802 ιο.
730 2752 797 2820 pati
817 2749 854 2814 M,
871 2749 998 2820 χαλὴλΡ
1075 2750 1114 2802 ι5.
1136 2747 1326 2822 γενησεταιΡ
1395 2749 1430 2802 16.

411 2819 486 2874 odeo
505 2820 535 2874 M
629 2821 881 2894 inoptatum?

339 2939 395 2994 qne
412 2923 508 2977 labore
532 2933 619 2978 semet
639 2927 780 2978 conficere.
796 2924 888 2996 “quid
909 2921 1013 2988 anim,a
1032 2925 1137 2996 inquit,
1153 2922 1243 2978 “inde
1261 2921 1431 2977 emolumenti

340 2995 513 3065 reportabit?
530 3013 580 3064 ego
594 3006 696 3062 tamen,
714 2999 736 3048 si
755 2999 879 3066 pecuniis
897 2996 932 3046 ad
949 2996 1051 3048 abitum
1072 3006 1100 3048 et
1118 2996 1236 3048 reditum
1253 2997 1298 3048 vei
1318 2995 1353 3046 ad
1370 2994 1431 3044 aiios
1504 3023 1505 3034 ι

340 3082 406 3120 usus
431 3065 547 3134 indiget,
567 3077 677 3136 paratus
696 3085 754 3119 sum
781 3070 807 3120 ei
827 3065 1009 3118 ιιιαοιιιιειο.υ
1032 3067 1125 3118 multis
1147 3067 1248 3118 deindo
1266 3064 1431 3118 sermonibus
1504 3073 1505 3106 ι

341 3145 372 3189 et
390 3137 638 3191 consultationibus
656 3139 756 3207 agitata
774 3155 815 3189 res
844 3147 903 3202 est,
924 3146 1015 3190 utrum
1038 3153 1145 3188 amerae
1164 3141 1322 3190 auctoritati
1341 3151 1431 3208 paren·
1504 3129 1505 3140 ¹

342 3205 426 3274 dum,
445 3225 481 3261 an
507 3209 542 3260 ad
567 3208 700 3276 synodum
728 3207 884 3260 abeundum
909 3217 990 3260 esset.
1017 3208 1155 3260 sedenim
1176 3209 1277 3261 sactum
1296 3203 1431 3274 estquod

340 3279 504 3349 imperator,
534 3281 590 3332 rive
616 3281 708 3351 potius
740 3273 823 3331 iatum
846 3279 967 3344 volebat.
1002 3295 1107 3347 egresso
1134 3279 1216 3346 igitur
1240 3297 1276 3331 ex
1302 3279 1368 3333 urbe
1385 3278 1430 3328 im-

339 3360 466 3419 peratore
498 3359 527 3404 et
552 3353 605 3403 iter
631 3361 830 3420 prosequente,
856 3366 959 3401 amaras
978 3349 1085 3419 Cpoiim
1112 3365 1270 3418 oppugnare
1291 3351 1432 3420 copiasque

339 3421 468 3474 adversus
487 3439 545 3474 eam
559 3423 667 3474 mittere
685 3423 836 3473 constituit.
851 3429 993 3472 suaserunt
1013 3419 1065 3472 hoe
1083 3419 1326 3490 approbaruntque
1345 3433 1431 3470 omues

340 3493 488 3545 consiliarii
506 3495 573 3557 eius,
596 3509 651 3544 uno
664 3492 833 3544 Chaiilbasia
854 3499 976 3561 excepto,
995 3493 1044 3562 qui
1062 3492 1158 3542 ceteris
1177 3508 1343 3561 repugnans,
1357 3489 1431 3540 “imo

338 3565 446 3632 potius,
464 3565 571 3634 inquit,
600 3563 694 3616 urbem
719 3579 876 3633 oppugnare
897 3562 1041 3614 exitiosum
1058 3561 1182 3624 videtur,
1200 3564 1332 3632 quoniam
1348 3568 1430 3612 metus

340 3642 400 3697 est,
428 3649 464 3686 ne
488 3637 650 3704 imperator,
672 3637 835 3686 necessitate
863 3649 927 3684 coac
961 3649 972 3684 s
999 3649 1078 3702 opem
1103 3633 1260 3686 Latinorum
1278 3633 1429 3704 implorare,

340 3718 433 3756 eorum
446 3703 573 3774 dogmata
594 3706 789 3774 amplectatur,
812 3714 840 3757 et
860 3705 927 3755 itae
962 3703 1034 3766 nist,
1057 3703 1132 3774 quod
1151 3719 1292 3768 veremur,
1319 3713 1351 3758 ut
1372 3717 1431 3754 con·
1502 3699 1503 3736 ἒ

338 3773 433 3826 cordes
454 3775 497 3826 ilii
524 3777 593 3827 fiant
618 3777 862 3846 concilienturque.
891 3791 976 3844 quare
995 3791 1067 3826 nunc
1084 3776 1163 3826 mitte
1181 3791 1239 3826 eam
1257 3791 1332 3838 rem,
1351 3773 1431 3824 donee

326 3843 455 3918 vvideris,
482 3845 550 3916 quid
575 3846 710 3898 iohannes
737 3865 785 3898 rua
811 3854 909 3916 sponte
932 3845 1049 3896 facturus
1067 3845 1109 3896 sit.
1128 3863 1190 3896 nam
1212 3847 1234 3896 si
1263 3847 1294 3897 in
1323 3859 1429 3896 contos-

339 3913 411 3966 diam
424 3914 561 3978 redierint,
574 3925 632 3968 tute
646 3917 759 3987 posthac
772 3935 862 3969 rursus
876 3917 1021 3968 amicitiam
1034 3933 1094 3967 cum
1105 3917 1139 3966 iis
1157 3933 1187 3967 ac
1205 3915 1302 3968 foedus
1323 3923 1431 3972 servato,

247 4047 252 4058 ι
337 3986 479 4048 arsinoite,
500 3986 575 4056 quod
593 3987 643 4038 tihi
663 3988 816 4040 uidebitur:
836 3989 859 4039 si
877 3989 951 4040 inter
970 4004 1017 4038 eos
1039 4003 1095 4038 non
1114 3987 1282 4050 convenerit,
1300 3995 1358 4037 tum
1376 3999 1430 4034 nte-

338 4057 392 4107 lius
410 4058 503 4108 evenit
521 4059 682 4122 consitium,
712 4059 864 4129 maiorique
892 4057 1057 4110 confidentia
1076 4058 1176 4118 iacies,
1196 4057 1270 4126 quod
1291 4049 1428 4108 volueris?
1501 4061 1502 4066 ’

338 4125 391 4179 boe
408 4129 550 4180 consitium
576 4146 692 4180 amoram
718 4139 816 4199 coepto
831 4127 987 4200 probibuitg
1013 4127 1048 4179 de
1066 4127 1230 4180 Cbaiilbasia
1248 4137 1352 4193 autem,
1369 4141 1430 4178 coo·

338 4199 395 4251 sitii
415 4207 569 4272 opportune
590 4209 710 4266 auctore,
729 4203 782 4254 alia
801 4219 835 4254 es
859 4199 921 4252 aliis
941 4199 1123 4269 cognovimus.
