3050 4932
213 361 648 432 nnmmsreomcnuss
665 365 834 433 cxunro
856 364 1083 432 utnmno.
1117 329 1202 420 505

119 511 245 594 δύντες,
276 505 299 600 ᾗ
329 516 525 599 σαθρότερον
541 508 710 600 εύριοκον,
733 512 932 600 κατώρυττον
952 516 987 582 έν
1006 515 1130 600 σπουδῇ
1151 507 1208 585 uus*

118 615 333 694 κατέρριπτον.
376 615 432 678 καί
457 613 548 696 ἡμεῖς
576 617 617 703 τῇ
636 618 698 680 τῶν
717 619 819 698 βελῶν
844 618 994 702 συνεχείᾳ
1014 617 1079 678 κατ’
1101 611 1207 677 aistis

118 701 190 774 οὔτε
212 713 321 788 λίθους
342 706 408 778 οὔτ’
428 705 505 780 ἄλλο
524 737 555 779 τι
569 715 709 792 δυνατῶς
730 713 859 798 εἴχομεν
879 715 1025 800 όφιὲνοιι·
1066 710 1207 792 τοσαύτη

117 806 176 892 γὰρ
196 801 235 892 ἦν
267 810 287 894 ἡ
309 814 458 894 συνέχεια
479 811 600 878 τούτων
620 811 663 889 ῶς
688 815 762 878 ouidi
786 813 843 899 τὴν
869 813 1033 897 peimi-ree
1052 807 1119 894 εἶχε
1142 813 1208 874 τῶν

91 905 271 986 δέτιόλξεων
290 911 434 992 ἐκβαλεῖν
452 910 531 995 πρὸς
549 905 665 998 ῶφεσιν
685 916 788 978 λίθου.
810 915 945 978 τοσοῦτο
967 913 1003 976 δέ
1013 908 1110 992 μόνον
1132 911 1206 976 ttu-

93 1006 239 1086 ’νόμεθα
262 1008 390 1093 πάντες,
410 1016 545 1094 πέμπειν
566 1015 677 1089 λίθους
698 1012 730 1088 έξ
751 1011 896 1099 α’φανοῦς
919 1009 1001 1076 κατὰ
1022 1013 1085 1076 τῶν
1107 1008 1206 1092 ύπερ-

113 1108 255 1192 χομίνων
275 1107 312 1174 τό
332 1119 456 1194 τεῖχος,
476 1109 520 1186 τός
541 1104 580 1176 όν
596 1115 651 1195 τῆς
665 1109 718 1176 διό
740 1113 803 1178 τῶν
823 1110 983 1193 κλιμάκων
996 1107 1115 1176 ἀ’νόδοο
1133 1106 1220 1174 τού-’

114 1227 186 1281 τους
205 1205 390 1290 κωλύωμεν.
433 1213 487 1276 καί
507 1212 564 1275 ουίι
585 1203 625 1276 όν
645 1236 695 1288 τις
714 1212 748 1276 τό
770 1214 844 1297 παρ’
865 1210 956 1294 ἡμῶν
976 1207 1097 1292 ἔκρινεν
1116 1204 1207 1290 ἔργον

115 1307 277 1388 πολέμου·
319 1311 391 1374 τίνα
409 1306 471 1396 γόρ
493 1305 533 1374 όν
554 1308 610 1375 καί
628 1308 764 1394 ἐπήγαγε
783 1311 906 1395 βλάβην
926 1313 1017 1386 λίθος
1035 1301 1112 1373 ῶνεο
1133 1329 1207 1372 σκο-

73 1407 176 1468 ιοποδ
194 1407 367 1491 (ἐφιέμενος
389 1413 425 1474 ἐκ
443 1407 553 1494 χειρός
573 1409 749 1495 ναρκῶσης,
769 1413 827 1475 κου’
851 1413 1025 1491 πέμποντος
1045 1401 1107 1490 οόχ
1126 1405 1207 1492 δρῶν

113 1505 293 1588 δυναμένου
313 1507 394 1592 πρός
413 1512 482 1574 τίνα
504 1509 560 1574 καί
581 1511 626 1598 πῇ
652 1511 763 1574 τοῦτον
787 1509 924 1595 αἰγίησις

197 1603 304 1694 Ταύτῃ
315 1631 363 1672 τοι
383 1601 440 1672 osis
458 1611 521 1673 τῶν
535 1611 693 1689 πολεμίων
706 1605 759 1672 διό
782 1607 910 1673 πόντων
925 1597 1067 1691 ἰσχυρῶν
1086 1608 1207 1672 δεικνυ-

111 1708 234 1789 μένων,
263 1709 322 1772 τού
338 1711 478 1790 πολέμου
499 1731 535 1774 τε
566 1711 723 1794 μηδαμῶς
745 1708 965 1790 ἀμελούντων,
995 1711 1051 1772 καί
1082 1705 1209 1772 πόντων

112 1801 203 1890 ἡμῶν
223 1809 260 1872 έν
278 1805 409 1895 ταράχῳ
426 1811 530 1898 πολλῷ
550 1807 606 1872 καί
624 1807 714 1898 <puppi
730 1805 978 1891 καθεστηκότων,
1001 1806 1056 1870 καί
1073 1809 1137 1870 τῶν
1149 1810 1210 1887 μέν

72 1900 303 1972 sinistrarum
321 1909 376 1970 τοῦ
395 1913 543 1989 πολεμεῖν
561 1906 619 1972 τόν
638 1903 816 1992 Μουρύνην
836 1903 1066 1986 όπονοούύτων,
1087 1908 1150 1970 τῶν
1173 1907 1209 1968 δέ

111 2005 167 2088 τήν
187 2002 349 2090 ἡμετέραν
367 2005 527 2072 α’τιῶλειαν
548 2007 805 2093 προσδοκώντων,
829 2010 886 2071 καί
906 2008 1147 2086 διατεινομὲνων
1164 2001 1207 2088 μὴ

111 2099 152 2168 ῶν
170 2097 277 2179 ἄλλως
306 2105 456 2188 γενέσθαι
485 2101 582 2192 ἢτῆν
605 2103 698 2172 πόλιν
726 2105 863 2189 οἱλῶναι,
884 2143 927 2156 -
948 2101 1047 2179 οὕτως
1069 2097 1126 2168 ούν
1145 2107 1209 2170 τῶν

111 2201 313 2290 πραγμύτων
334 2207 541 2286 διακειμένων
554 2205 610 2272 καί
627 2208 743 2288 πολλῆς
757 2207 792 2270 έν
804 2203 880 2288 ἡμῖν
900 2201 1085 2287 συγχύσεως
1100 2195 1208 2288 υύαης,

110 2307 175 2368 τῶν
194 2304 259 2385 μέν
278 2301 360 2388 πρός
381 2302 417 2368 τό
440 2310 588 2386 πολεμεῖν
608 2303 685 2380 ἴσως
706 2305 958 2388 ἀσχολουμένων,
979 2308 1042 2368 τῶν
1055 2305 1091 2368 δέ
1110 2327 1209 2367 κατα-

68 2406 344 2487 ουναρκωθέντων
367 2392 527 2487 καθάπαξ,
545 2399 660 2487 ἑτέρων
680 2405 716 2468 δέ
736 2411 801 2480 τοῖς
821 2403 885 2468 uini
906 2407 967 2468 τῶν
987 2405 1089 2484 βελῶν
1109 2401 1210 2487 τραύ-

108 2525 210 2584 μασιν
236 2503 505 2587 έναποθανόντων,
527 2505 619 2570 ἐνίων
640 2505 676 2570 δέ
697 2506 753 2568 καί
772 2503 954 2590 φευγόντων
978 2501 1039 2566 ἀπό
1060 2507 1125 2568 τῶν
1146 2507 1268 2577 εει-345

107 2605 197 2688 χῶν,
219 2603 336 2688 μηκέτι
360 2605 467 2684 μένειν
495 2605 597 2671 dusios
617 2601 805 2686 δυναμένων
832 2601 894 2670 ὑπὸ
922 2607 980 2669 τοῦ
1005 2605 1106 2686 δέους,
1126 2597 1209 2668 seiros

184 2803 226 2842 το.
246 2785 363 2844 retrusi

110 2969 280 3034 tentumque
293 2963 545 3050 appropinquarunt
557 2972 652 3020 utnon
662 2981 750 3038 peuce
763 2981 796 3018 ex
813 2965 910 3035 ligneis
922 2963 1080 3034 sepimentis
1098 2962 1208 3016 disiice-

114 3043 186 3088 rent.
207 3043 239 3086 et
257 3034 295 3085 sic
313 3033 423 3104 quidem
434 3037 496 3088 isti:
514 3038 563 3106 qui
580 3055 644 3090 vero
655 3037 705 3088 sub
716 3054 820 3089 murum
829 3035 1026 3106 subrepserant,
1045 3034 1209 3106 putridiores

110 3115 206 3178 partes
227 3105 375 3173 diligenter
400 3107 575 3160 suffodientes
600 3109 658 3161 solo
686 3123 811 3178 sequere.
857 3123 908 3160 uos
932 3115 1021 3158 nutem
1051 3105 1209 3174 sagittarum

112 3177 278 3230 continuate
305 3177 459 3246 frequentia
483 3179 512 3230 in
531 3179 606 3248 ipsos
633 3195 724 3248 neque
739 3177 846 3248 lapides
862 3193 954 3248 neque
971 3177 1046 3228 utiud
1065 3177 1210 3248 quicquum

133 3249 254 3300 roiicere
271 3255 442 3316 poteramus:
470 3266 533 3300 nem
552 3265 645 3302 esrum
672 3250 830 3302 assiduitate
856 3265 891 3300 ue
917 3265 1024 3299 monum
1043 3247 1153 3317 quidem
1174 3247 1210 3299 ud

114 3317 277 3372 iaciendum
303 3319 423 3388 lapidem
450 3325 544 3373 efferre
562 3321 671 3374 licebat.
718 3322 776 3372 soie
799 3319 912 3372 incultas
931 3319 1028 3381 iuerat,
1047 3334 1081 3370 ex
1100 3317 1208 3370 occulto

111 3389 223 3460 lapidee
243 3389 272 3439 in
291 3389 403 3459 eosqui
425 3407 515 3442 mssros
544 3391 717 3444 adorirentur
732 3393 855 3453 mittere,
879 3397 910 3442 ut
925 3405 1038 3441 escensu
1056 3405 1106 3458 per
1122 3389 1209 3442 serius

111 3466 284 3512 arcerentur.
321 3467 350 3512 et
367 3459 471 3524 nulius,
490 3461 564 3532 quod
583 3479 598 3512 e
619 3463 698 3514 nubis
719 3462 871 3530 gerebatur,
890 3459 994 3512 facinus
1012 3460 1141 3511 bellicum
1158 3477 1208 3512 ex·

110 3533 278 3584 intimasset:
315 3547 395 3601 quem
414 3533 486 3584 enim
514 3549 612 3584 norem
633 3533 769 3585 intulisset
791 3533 860 3602 lepis
880 3531 959 3582 nulio
985 3547 1067 3601 scopo
1085 3532 1207 3594 emissus,

109 3619 197 3654 mann
218 3609 346 3671 torpente
359 3609 387 3654 et
399 3603 560 3668 eiaculante,
580 3621 632 3656 uec
650 3601 771 3668 sidente,
786 3602 822 3656 ut
840 3619 922 3674 quesn
933 3601 1061 3671 dirigeret
1078 3610 1106 3654 et
1124 3619 1207 3674 quesn

108 3673 142 3726 in
162 3673 259 3726 iocum
278 3674 491 3743 contorqueret?

185 3745 250 3796 Hoc
287 3753 378 3814 rupter
394 3742 516 3798 hostibus
541 3743 628 3796 modis
654 3745 779 3798 omnibus
806 3751 915 3796 strenue
941 3759 970 3796 se
997 3742 1152 3812 gerentibus
1181 3751 1210 3799 et

110 3830 237 3886 pugnam
257 3761 404 3882 diligenter
427 3815 671 3886 prosequentibus,
691 3827 719 3881 et
738 3815 817 3868 nobis
834 3815 961 3868 omnibus
980 3813 1134 3868 discrimine
1150 3833 1209 3870 ms-

109 3893 203 3956 tuque
221 3886 372 3953 prostratis,
400 3893 428 3938 et
444 3887 504 3938 niiis
523 3887 598 3938 betto
617 3887 697 3938 duem
723 3887 872 3955 positurum
890 3887 1025 3937 Murstem
1047 3887 1209 3956 suspicanti.

110 3955 176 4018 bus,
195 3955 261 4006 aliis
272 3964 393 4008 nostrum
403 3957 536 4009 excidium
550 3957 769 4026 exspectantibus
784 3955 1069 4028 contendentibusque
1087 3975 1210 4028 prorsum

111 4026 214 4078 urbem
237 4026 396 4095 cupiendum
415 4045 482 4080 esse.
520 4030 558 4080 sic
571 4027 650 4080 rebus
668 4046 697 4082 se
716 4027 888 4092 habentibus,
906 4035 935 4079 et
948 4027 1029 4080 uobis
1045 4029 1209 4098 perturbatis

110 4107 142 4150 et
161 4096 313 4164 insigniter
329 4097 465 4161 contusis,
487 4115 547 4150 rum
570 4100 669 4168 purtim
688 4115 794 4168 pugnae
819 4098 1015 4164 incumberent,
1033 4099 1129 4169 purtim
1150 4108 1208 4151 tor-

110 4175 219 4236 pentes
247 4175 412 4232 cessassent,
437 4171 535 4240 pnrtim
562 4172 719 4238 sagittarum
746 4167 844 4222 ictibus
868 4177 983 4222 mortem
1011 4173 1207 4240 oppetiissent,

110 4239 255 4308 pertinse
278 4240 362 4294 muris
382 4239 444 4312 iuge
471 4257 530 4296 sess
558 4243 750 4316 surripuissent
770 4242 955 4316 continuoque
980 4241 1155 4314 surriperent,
1171 4241 1207 4294 ti·
