3026 4924
490 381 565 443 uo.
587 383 626 442 ιι.
657 377 747 444 σιν.
767 379 848 441 τιν.
1111 347 1186 435 ι8ι

188 531 223 599 ‘0
238 521 294 598 siv
321 530 476 615 αδθίντης
492 553 555 612 μου
589 525 606 592 δ
629 527 782 612 δεσπότης
806 526 862 592 καί
880 525 910 590 oi
932 516 1082 614 άρχοντες
1098 522 1196 608 ἐξάρ-

115 637 217 697 θωοαν
238 629 295 697 τόν
312 627 536 712 Παλαιολόγον
558 630 679 712 Θωμᾶν
709 627 764 694 καί
789 625 869 712 πρός
888 624 943 691 τόν
963 628 1097 708 βασιλέα
1118 619 1195 689 siui-

115 737 249 796 στειλαυ·
301 731 357 794 καί
377 727 526 814 λογισμός
549 731 604 794 καί
623 731 776 812 τρικυμία
803 731 837 790 ἐν
858 729 897 814 τῇ
919 725 1010 789 πόλει
1029 727 1196 807 περιέπεσε

113 829 251 914 πλείστη,
272 831 332 905 ἕως
353 819 391 892 οὗ
412 826 507 894 πάλιν
528 827 691 910 ἐμάθομεν
719 825 778 911 τήν
799 825 980 910 ι’σχόσασαν
999 823 1119 908 βουλήν
1138 825 1198 888 τοῦ

91 929 213 994 oxum
233 929 371 1010 μπασιά.
422 927 478 992 καί
500 927 584 1011 ίδοό,
607 927 651 1004 uic
676 926 737 1010 s’yoi
760 935 928 1011 προεῖπον,
948 924 993 1010 μή
1015 927 1117 990 ἕνεκεν
1136 927 1199 988 ταῖν

112 1027 256 1094 τοιούτων
288 1025 492 1112 σκανδάλων,
520 1025 555 1093 τό
580 1027 624 1104 ὥς
656 1027 699 1112 μή
734 1019 839 1114 ὤφελε
866 1029 1016 1110 γενέσθαι
1039 1021 1096 1110 τήν
1125 1019 1200 1088 σόν·

113 1129 192 1192 σδον.

189 1229 260 1293 Καί
277 1225 334 1312 τήν
358 1230 418 1309 μὲν
450 1224 513 1290 ἀπὸ
536 1224 904 1300 Κωνσταντινουπόλεως
927 1226 972 1301 εἰς
987 1221 1126 1292 Ἰταλίαν
1145 1245 1201 1287 πε·
1312 1289 1317 1300 ,

110 1325 227 1410 ριόδον,
249 1325 292 1401 οἱς
314 1325 468 1412 περισσήυ
489 1319 608 1408 οὖσαν,
629 1329 740 1413 γραφῇ
760 1329 959 1408 παραδοῦναι
977 1323 1030 1389 διά
1048 1321 1083 1387 τό
1102 1321 1201 1406 μῆκος

76 1427 218 1511 ιοταότην
239 1424 351 1491 ε’άσω·
401 1425 460 1510 τήν
489 1427 525 1492 δὲ
544 1430 590 1501 εἰς
609 1425 665 1510 τήν
681 1423 817 1490 Ἓνετίαν
837 1427 1012 1489 είσὲλευσιν
1032 1424 1088 1488 τοῦ
1108 1429 1202 1505 βασι·

108 1527 181 1600 λέως
205 1522 353 1591 Ἰωάννου
376 1527 431 1590 καί
463 1529 526 1590 τῶν
546 1524 607 1592 σόν
631 1525 736 1611 edroi,
771 1522 817 1600 οἷς
834 1521 983 1604 λαμπρόν
1006 1524 1062 1585 καί
1082 1525 1202 1586 αἰδέσι-

107 1646 176 1708 μον,
200 1621 248 1689 iu
270 1647 307 1708 γε
336 1622 400 1708 μήν
420 1623 478 1692 καί.
496 1625 603 1706 α’ξίαν,
624 1622 741 1708 ταύτην
763 1620 962 1707 διηγήσωμαι
984 1620 1065 1686 κατά
1085 1620 1120 1687 τό
1144 1624 1202 1707 δη.

108 1725 276 1808 λοποιηθέν
296 1745 353 1804 μοι
374 1721 464 1806 παρά
488 1727 546 1788 τοῦ
567 1723 717 1789 δεσπότου
741 1720 801 1806 κάρ
822 1724 1016 1806 Δημητρίου.
1084 1791 1096 1802 ,

189 1825 240 1886 14.
289 1820 384 1886 Κατοὶ
406 1820 466 1906 τήν
486 1817 626 1905 ἑβδόμην
653 1825 712 1886 τοῦ
736 1824 960 1903 Φεβρουαρίων
981 1817 1081 1906 μηνός
1103 1817 1203 1906 όρμή-

71 1925 201 1990 ι5σασαι
224 1923 260 1986 ἐκ
283 1925 341 1984 τοῦ
360 1923 542 2003 Παρεντίου
564 1925 666 1984 πᾶσαι
687 1917 720 1984 ui
742 1920 884 2004 τριήρεις
902 1917 1004 1999 όμοῦ·
1046 1917 1067 2004 ἡ
1089 1921 1123 1982 δὲ
1142 1923 1203 1999 βα-

106 2019 207 2106 σιλική
243 2017 377 2104 τριήρης
410 2017 464 2084 διά
489 2018 525 2085 τό
555 2015 638 2084 εἶναι
668 2018 770 2103 αότήν
799 2015 983 2100 ταχυτέραν
1013 2021 1076 2082 τοῖν
1098 2011 1204 2084 άλλων

106 2123 315 2201 προσπέσωσι
349 2121 414 2183 τῶν
447 2113 554 2184 ἄλλων
582 2119 627 2194 είς
644 2113 800 2200 Ἐνετίυν,
836 2120 892 2182 καί
922 2115 1067 2201 ἔφθασεν
1085 2117 1131 2193 είς
1147 2117 1205 2184 τόν

107 2214 192 2298 άγιον
214 2213 381 2284 Νικόλαον
396 2219 435 2308 τῇ
453 2217 480 2304 η’
509 2222 568 2284 τοῦ
586 2215 706 2302 μηνός,
728 2213 796 2306 cipp
816 2213 844 2298 β
864 2219 919 2298 τῆς
941 2215 1071 2298 ἡμέρας.
1111 2219 1204 2302 ἑξήλ.

106 2319 161 2382 θον
181 2311 239 2381 σόν
260 2319 299 2383 ἐκ
318 2321 372 2402 τής
391 2313 528 2393 Ἕνετίας
548 2323 680 2381 πλεῖστα
709 2313 861 2398 πλοιάρια
883 2319 928 2390 είς
949 2312 1139 2400 συνάντησιν
1159 2319 1204 2403 τῷ

68 2419 247 2498 εοβασιλεῖ·
293 2417 446 2481 τοσοῦτον
468 2407 508 2500 ἦν
528 2413 564 2480 τό
591 2418 712 2499 πλῆθος
733 2411 782 2479 ότι
803 2413 919 2498 σχεδόν
941 2411 1039 2478 εἰπεῖν
1059 2412 1104 2498 μή
1128 2416 1205 2502 φαί-

107 2519 217 2580 νεσθσι
244 2511 306 2598 τήν
326 2509 495 2580 θάλασσαν
528 2517 706 2599 δυναμένην
727 2517 762 2578 ἐκ
787 2517 842 2578 τοῦ
860 2511 1002 2596 πλήθους
1022 2517 1085 2579 τεόν
1106 2511 1204 2578 όλκά.

109 2615 177 2680 δων.
220 2616 356 2700 ἐξῆλθεν
381 2607 439 2679 οὖν
466 2612 557 2698 λόγος
577 2615 612 2678 ἐκ
635 2619 692 2700 τῆς
709 2611 915 2680 τοδνἜνετῶν
945 2615 1114 2698 γερουσίας
1134 2607 1204 2703 ᾔτοι

173 2807 199 2876 4.
219 2805 413 2880 μάθωμενλί
494 2807 660 2864 5-είπονΡ
771 2805 996 2878 redempter?
1098 2807 1203 2880 1414]

172 2883 241 2962 περὶ
259 2877 309 2942 τής
326 2877 375 2931 τοῦ
411 2879 528 2941 ασιλίιυς
544 2873 596 2950 κάρ
611 2877 745 2934 Ἰωάννου
764 2883 804 2940 εἰς
818 2876 937 2932 Ἰταλίαν
958 2874 1094 2940 ἐλεύσεως
1109 2879 1203 2936 ίνεκεν

171 2965 221 3014 της
240 2945 375 3002 συνόδου.
423 2950 442 3000 Ρ
541 2953 583 3006 15.
601 2947 676 3023 ὁμοῦ
694 2949 774 3004 οαιΡ
874 2947 1005 3004 δὲοιιιΡ
1092 2965 1136 3004 ει.
1153 2941 1203 3017 τήν

171 3015 227 3072 dtu
250 3019 447 3091 δυνομένηνΡ

171 3188 311 3240 Dominus
328 3205 404 3241 meus
422 3189 519 3258 igitur,
539 3189 733 3242 Constantinus
762 3187 896 3258 despota,
922 3195 951 3240 et
967 3187 1106 3258 principes
1126 3185 1204 3240 Tiso·

106 3273 173 3309 mam
192 3261 386 3327 Palaeologum
407 3261 562 3313 excitarunt
580 3269 664 3332 atque
681 3261 716 3312 ad
733 3258 926 3328 imperatorem'
938 3259 1078 3310 miserunt.
1099 3257 1204 3310 interea

107 3329 135 3380 in
153 3331 335 3398 cogitationes
357 3339 385 3382 et
405 3331 501 3383 fluctus
522 3349 646 3383 curarum
664 3333 786 3400 ingentes
796 3329 935 3398 Cpoiituui
955 3327 1120 3394 inciderunt,
1139 3329 1203 3382 dum

106 3403 297 3468 cognovimus,
318 3401 393 3470 quod
414 3402 550 3468 obtinuit,
569 3403 709 3454 consilium
729 3399 922 3452 Chuiilbusine.
940 3398 1017 3452 sides
1038 3399 1107 3462 iam,
1128 3401 1204 3471 quod

105 3486 184 3590 ἔοργε
203 3471 281 3537 dixi,
299 3481 411 3544 propter
435 3482 526 3526 tentos
557 3474 721 3526 offensiones
745 3487 802 3524 non
820 3469 947 3523 debuisse
972 3469 1106 3536 synodum
1123 3471 1205 3524 istam

125 3556 171 3592 ers,

173 3613 232 3665 lter
251 3611 425 3682 imperatoris
439 3611 519 3682 Cpoii
540 3613 569 3664 in
582 3611 690 3664 Italiam
710 3613 829 3676 iactum,
845 3619 878 3665 ut
896 3627 953 3664 rem
972 3629 1205 3682 supervacaneam,

106 3679 192 3734 literis
218 3685 347 3748 tradere,
378 3683 444 3752 quia
475 3683 584 3752 longum
611 3693 669 3746 est,
701 3682 900 3754 supersedeb03
923 3683 1043 3735 eiusdem
1067 3693 1158 3737 nutem
1177 3693 1207 3738 et

106 3753 235 3804 comitum
267 3753 325 3804 eius
351 3753 500 3821 ingressum
524 3753 717 3816 venetiarum,
746 3763 776 3806 ut
803 3753 976 3823 splendidum
1006 3763 1033 3808 et
1060 3755 1207 3823 gloriosum

106 3829 186 3892 etque
208 3825 294 3876 etiam
315 3821 425 3892 dignum
443 3824 609 3894 cognitione,
628 3825 758 3888 narrabo,
777 3825 886 3896 qualem
905 3841 967 3876 cons
987 3841 1021 3877 ex
1042 3843 1088 3879 ore
1106 3827 1207 3880 Deme-

107 3893 151 3944 trii
172 3894 310 3966 despotae
331 3895 455 3962 cognovi.
698 3911 701 3918 ·
1120 3891 1124 3918 '

180 3969 220 4034 τί.
260 3965 385 4033 Septimo
407 3964 452 4018 dio
471 3965 571 4018 mensis
583 3965 724 4018 Februarii
746 3983 840 4018 omnes
860 3967 940 4018 simui
961 3967 1084 4020 triremes
1106 3967 1207 4020 Paren-

107 4032 144 4084 tio
160 4036 323 4100 solverunt,
342 4033 391 4087 sed
412 4036 600 4106 imperatoris,
620 4047 718 4106 utpote
745 4039 842 4088 ceteris
860 4039 988 4100 velocior,
1015 4047 1079 4092 unte
1098 4037 1207 4090 eusdem

106 4103 238 4158 Venetiae
257 4106 392 4176 pemeoit,
410 4107 572 4177 appulitque
585 4107 619 4160 ad
634 4109 659 4158 S.
672 4108 812 4160 Nicolaum
829 4110 928 4160 mensis
945 4109 990 4160 die
1012 4117 1119 4170 octavo,
1140 4107 1207 4160 horo

108 4175 236 4226 secunda.
279 4175 400 4228 venetiis
427 4177 581 4248 imperatori
601 4178 707 4230 obvium
732 4188 921 4248 processerunt
942 4179 1047 4248 navigio
1065 4179 1207 4249 pleraque,

107 4260 219 4314 quorum
241 4255 321 4301 tauto
338 4247 486 4303 multitudo
506 4257 578 4315 erut,
596 4257 640 4315 ut,
658 4265 747 4322 paens
768 4249 891 4316 dixerim,
906 4265 979 4304 mare
998 4249 1119 4321 conspici
1140 4263 1206 4320 pro·
