3026 4924
431 357 507 418 ιιο.
530 357 583 417 ιιι.
609 353 772 418 cantv.
1084 327 1162 411 atis

88 508 160 578 τινές
174 500 201 568 ολ
216 503 261 586 μὴ
274 501 444 585 δυνάμενοι
453 503 620 586 μάχεσθαι
636 501 689 568 διά
703 507 803 588 γῆρας
819 497 840 588 ἢ
860 505 901 570 δι’
921 499 1034 587 ἑτέραν
1053 504 1169 585 αι’τιάν,
1268 514 1270 517 ’

89 603 156 679 anic
167 596 279 686 ἄρτους
290 605 346 668 καί
357 607 421 668 πᾶν
433 602 596 688 βρώσιμον
610 607 805 688 διαμιριζιιν
816 607 851 671 ἐν
869 612 935 680 τοῖς
954 603 1050 681 οἴκοις
1070 604 1126 669 καί
1137 607 1171 670 έν
1220 634 1232 658 x

87 711 144 776 τοῖς
161 697 290 784 πώργοις
310 699 390 768 τιατά
410 701 466 787 τὴν
486 701 656 786 ἀναλογίαν
676 699 746 780 ἑνὸς
766 697 908 770 ἑκάστου.
929 702 1013 768 καίδ
1034 703 1171 784 πόλεμος

87 801 199 886 ἡμέραν
207 805 281 864 καθ’
301 801 425 886 ἡμέραν
441 793 556 885 ηὔξανε
569 801 624 866 διά
639 801 674 866 τδ
691 805 763 866 καθ’
784 795 916 887 ἑκάστην
928 804 973 878 εἶς
986 799 1059 877 τοδς
1080 807 1169 866 ἐναν-

66 903 164 974 5ιιὀνς
184 901 220 964 έκ
240 903 298 964 τοῦ
319 903 373 982 τῆς
402 899 510 975 Ἀσέας
534 903 683 980 κλίματος
714 904 783 976 νέος
810 901 948 986 στρατὸς
970 903 1008 966 οδ
1032 903 1171 967 διέλιπεν

86 997 252 1082 ἔρχεσθαι·
273 999 312 1066 τά
328 1001 363 1065 δὲ
377 999 513 1084 ἡμέτερα
526 996 726 1083 δλιγόστιιιον
740 1003 795 1064 καί
808 1001 1040 1082 ἐταπεινοῦντο,
1062 995 1168 1084 ώσπερ

87 1095 193 1182 οιλὴνη
214 1097 417 1184 λειψάροντος,
446 1098 500 1164 διά
521 1097 578 1165 τάν
600 1097 817 1184 καθημερινὸν
837 1095 986 1166 θάνατον.
1030 1103 1112 1178 τινὲς
1134 1103 1170 1164 δέ

87 1199 118 1261 έιι
145 1199 206 1262 τών
224 1197 388 1282 ἡμετέρων
408 1192 551 1273 άπειθεῖς
578 1201 634 1263 κατ’
654 1199 866 1282 α’πάνθροοποι
891 1197 930 1262 τά
952 1198 1041 1282 ἡμῶν
1059 1223 1171 1262 ταπει-

87 1299 216 1380 νοῦσθαι
237 1299 411 1378 βλέποντος,
435 1296 583 1381 adprime
604 1296 657 1362 τὸν
671 1295 783 1380 καιρὸν
800 1301 845 1373 εἰς
864 1296 921 1374 τάς
941 1296 1080 1383 πονηράς
1101 1297 1173 1379 δρέ-

53 1401 153 1474 ιοξεις,
185 1396 315 1473 στάσεις
342 1396 399 1462 καὶ
426 1397 662 1472 άιιατοιστοισιάς
686 1399 759 1462 καθ’
791 1397 913 1482 η’μέραν
939 1401 1088 1480 έποέουν,
1119 1402 1175 1461 καί

86 1490 188 1580 ὕβρεις
208 1499 264 1560 καί
283 1493 444 1580 λοιδορίας
461 1496 506 1568 εἷς
527 1493 587 1571 τάς
607 1502 756 1571 πλατιιάς
776 1497 831 1561 καί
851 1494 955 1581 δυ’μιις
977 1501 1031 1582 τῆς
1051 1497 1173 1572 πόλεως

86 1593 155 1659 κατά
175 1597 232 1661 τοῦ
245 1597 428 1677 ’δυστυχοῦς
450 1599 607 1678 βασιλέως
627 1593 682 1660 καὶ
704 1598 767 1660 τών
785 1591 901 1680 ἑτέρων
922 1591 1086 1678 α’ρχὸντοον
1107 1599 1173 1672 aas·

85 1717 152 1776 χιον
179 1695 215 1759 έν
241 1697 301 1759 τοῦ
326 1697 448 1776 μιαροῦ
478 1694 587 1760 αδτών
617 1697 792 1778 λάρυγγος,
824 1695 903 1778 μήτε
929 1692 981 1760 τόν
1014 1693 1091 1758 θεὸν
1113 1717 1174 1780 φο-

85 1793 229 1874 βοάμτνοι
261 1788 342 1876 μήτε
371 1791 428 1857 τὸν
462 1795 597 1877 βασιλέα
637 1789 659 1878 ἢ
689 1792 763 1869 τούς
799 1793 987 1877 ἀνθρώπους
1026 1789 1174 1877 §aspend-

31 1893 176 1972 ·15μενοι.
220 1890 318 1968 ariade
346 1893 383 1956 δὲ
400 1889 428 1978 :ri
448 1892 714 1978 τρισμακάριστος
744 1890 778 1958 τά
803 1897 861 1958 τοῦ
881 1897 988 1976 Δαβίδ
1004 1891 1099 1976 ῥητὸν
1116 1917 1173 1972 μι.

85 1991 235 2074 μνώμενος
255 1991 293 2055 τά
312 1988 403 2074 ‘ic'yd
421 1993 456 2056 δὲ
480 1990 560 2056 ainsi
578 1991 686 2076 κωφὸς
707 1991 764 2054 οὐκ
786 1986 899 2076 ἢκουον
921 1991 977 2056 καί
997 1989 1074 2056 ώστέ
1093 1985 1174 2054 rita.

86 2095 134 2166 λος
155 2089 319 2174 ἐγενόμην,
339 2091 395 2155 καὶ
418 2091 570 2175 ἐγενόμην
594 2091 673 2156 ainsi
693 2084 865 2175 άνθροιαος
893 2089 951 2154 cdx
975 2087 1099 2154 άκοάιον
1120 2091 1176 2154 καὶ

86 2191 138 2253 ada
157 2187 243 2272 ἔχων
265 2193 302 2255 ἐν
321 2191 367 2276 τῷ
386 2187 524 2269 στόματι
547 2185 649 2254 αὖτοῦ
669 2189 830 2272 έλιγμοώς,
854 2182 902 2254 ὅτι
924 2186 953 2254 οἱ
975 2191 1093 2272 ἐχθροί
1110 2211 1173 2270 μου

87 2289 157 2368 idos
187 2287 243 2354 ani
272 2290 521 2373 κεκρατοέοονται
557 2287 639 2372 dato
669 2290 744 2371 ἐμέ,
787 2284 836 2354 δτι
866 2285 1114 2372 έπληθώνθησαν
1143 2284 1174 2352 ni

49 2391 246 2468 τομιοοδντές
276 2409 318 2469 μο
355 2380 500 2462 άδέκοις.”
554 2386 611 2452 καί
638 2390 720 2461 τινὲς
747 2390 807 2467 μὲν
840 2383 1061 2472 προσήρχοντο
1087 2385 1175 2474 ariani

86 2488 218 2570 λέγοντες
239 2481 292 2550 ὅτι
313 2483 332 2548 δ
351 2487 439 2550 δεῖνα
461 2487 517 2552 καὶ
545 2485 563 2550 δ
583 2488 669 2551 δεῖνα
695 2485 771 2552 τάδε
793 2483 876 2572 ἔφη·
918 2489 1011 2550 τινών
1031 2486 1067 2550 δὲ
1086 2507 1175 2568 περι-

86 2588 189 2652 ποτών
206 2579 318 2671 ἤκουε.
370 2589 427 2651 κατ’
455 2587 490 2651 έν
521 2584 599 2670 ἡμῖν
621 2587 791 2672 ἐπληρώθη
813 2585 849 2650 τὸ
869 2584 965 2670 ῥητὸν
988 2584 1022 2649 τὸ
1053 2582 1174 2670 φάσκον

150 2757 177 2810 ρ.
194 2739 245 2792 arat
272 2733 420 2806 εὐκαιρίαν
442 2735 572 2812 εὑρόντες
596 2729 668 2790 κατά
695 2729 746 2796 τάς
764 2732 892 2808 πονηράς
915 2733 1010 2788 αὐτῶν
1035 2731 1175 2804 uastant

154 2811 194 2864 15.
212 2807 392 2882 μακάριοςΡ
500 2809 538 2861 1³.
559 2805 675 2871 άλαλος,
700 2805 754 2862 adae
771 2805 897 2878 άνοίγοιν
913 2801 944 2860 τό
964 2804 1056 2878 στόμα
1078 2801 1174 2857 αὐτοῦ.

149 2883 200 2934 καλ
217 2881 357 2951 ἐγενόμην
376 2877 395 2930 Ρ

87 3023 187 3088 beraut,
206 3021 285 3094 qnod
303 3021 417 3075 ederent
425 3030 472 3074 aut
492 3019 629 3086 biberent,
648 3037 700 3076 nec
708 3021 788 3074 liberi
806 3038 857 3074 nec
872 3035 982 3084 uxores,
998 3020 1037 3072 ita
1055 3033 1085 3070 se
1104 3015 1175 3086 egis·

88 3111 120 3148 se.
137 3095 186 3147 hoc
205 3093 319 3157 audito,
340 3096 488 3164 imperator
508 3094 663 3158 constituit,
688 3101 721 3146 ut
738 3101 875 3164 quotquot
893 3098 1035 3143 senectute
1056 3087 1100 3139 vei
1120 3085 1176 3138 aiis

89 3181 114 3216 re
134 3165 347 3235 impedirentur,
375 3180 411 3216 ne
431 3173 591 3232 pugnarent,
609 3164 643 3216 iis
661 3181 711 3233 pro
738 3164 855 3215 cuiusvis
872 3161 1032 3214 conditione
1054 3158 1129 3228 panis
1148 3165 1178 3209 et

89 3237 203 3308 reliquus
223 3235 302 3288 cibus
322 3251 371 3304 per
397 3233 478 3286 aedes
503 3242 531 3287 et
547 3241 634 3286 turres
662 3233 877 3286 distribueretur.
898 3233 1005 3284 interim
1025 3229 1127 3280 bellurn
1147 3227 1177 3278 in

88 3303 141 3359 dies
159 3305 379 3378 ingravescebat,
397 3321 480 3377 quum
499 3303 534 3356 ad
552 3304 643 3356 bootes
668 3321 702 3357 ex
717 3305 782 3356 daia
800 3302 924 3374 quotidie
941 3309 1063 3354 recentes
1081 3297 1177 3367 copiae

90 3375 273 3440 adventarent,
290 3385 399 3428 nostrae
417 3384 507 3428 autem
526 3391 567 3426 res
587 3376 667 3426 lunae
685 3373 864 3426 decrescentis
881 3375 967 3424 instar
985 3371 1179 3423 imminueren-

90 3456 173 3500 taret
201 3449 416 3500 extenuarentur
439 3445 601 3566 rpuotidiana
627 3444 717 3496 caede.
744 3446 855 3514 insuper
872 3443 984 3513 quidam
1003 3441 1038 3492 de
1058 3438 1177 3500 nostris,

90 3529 258 3572 contumaces
279 3527 308 3572 et
326 3517 430 3570 seroces
459 3517 582 3577 rumines,
602 3532 684 3584 quum
702 3533 751 3567 nos
772 3517 801 3568 in
821 3515 958 3584 angustias
977 3510 1076 3563 adduci
1097 3507 1179 3561 vide-

91 3599 162 3652 rent,
188 3589 322 3662 perversie
350 3588 406 3641 suis
427 3586 623 3656 cupiditatibus
642 3587 810 3638 occasionem
835 3585 917 3646 nacti,
934 3591 1067 3653 perpetuo
1086 3579 1179 3632 turbas

91 3668 116 3712 et
139 3659 290 3714 seditiones
313 3657 486 3722 excitabant,
510 3667 539 3710 et
564 3673 611 3708 ore
638 3657 752 3708 scelesto
775 3673 823 3728 per
845 3655 949 3724 plateas
969 3663 997 3705 et
1014 3653 1086 3704 vicos
1104 3647 1179 3732 urbis

91 3731 231 3784 maledicta
252 3741 281 3783 et
297 3729 474 3782 contumelias
491 3729 520 3780 in
539 3729 728 3798 imperatorem
747 3735 775 3779 et
796 3725 916 3795 reliquos
935 3723 1071 3794 principes
1090 3737 1180 3800 conn3

91 3801 203 3864 ciebant,
222 3819 275 3854 nec
294 3800 376 3852 deum
404 3815 456 3851 nec
476 3799 666 3870 imperatorem
692 3798 736 3850 vel
761 3796 886 3850 homines
902 3795 991 3848 ceriti.
1016 3801 1044 3846 at
1070 3791 1118 3844 ilie
1137 3799 1180 3844 ter

92 3869 181 3924 beatur
197 3873 241 3924 sir
267 3869 378 3924 Davidis
404 3869 507 3922 dictum
532 3868 690 3922 imitabatur
710 3867 789 3936 “ego‘
806 3875 896 3918 autem
921 3865 992 3918 sicut
1011 3863 1106 3916 nardus
1123 3878 1180 3914 non

92 3941 248 4006 audiebam,
277 3951 307 3994 et
325 3949 457 4011 tanquam.
470 3949 560 3992 mutus
582 3957 671 4002 eram,
693 3940 833 4007 factusque
854 3955 912 3988 sum
932 3937 1001 3988 sicut
1020 3933 1102 3988 bomo
1120 3947 1180 3984 non

93 4012 201 4066 audiena
220 4029 273 4066 nec
293 4011 395 4064 babens
413 4011 442 4063 in
460 4027 506 4063 ore
519 4011 731 4078 redargutiones,
748 4009 876 4080 quoniam
897 4007 997 4060 inimici
1014 4005 1066 4056 nrei
1085 4005 1181 4056 viverat

94 4090 121 4134 et
137 4083 349 4152 praevaluerunt
372 4099 454 4152 super
478 4097 520 4134 me
538 4090 566 4133 st
593 4081 639 4152 qni
659 4081 758 4132 iniuria
775 4095 818 4130 me
844 4077 978 4140 oderunt,
1005 4072 1178 4144 multiplicati

94 4152 176 4204 sunt.''
196 4163 226 4208 et
245 4151 358 4204 adibant
382 4169 464 4215 eum,
482 4153 530 4222 qui
554 4159 706 4214 narrarent,
727 4149 799 4202 bunc
817 4149 861 4200 vei
880 4147 957 4200 illum
978 4147 1045 4200 talia
1062 4143 1097 4196 de
1118 4145 1178 4211 ipso

96 4223 212 4280 effutire:
231 4223 364 4295 quosdam
382 4223 465 4277 etiam
488 4222 654 4294 praeteriens
673 4221 731 4292 ipsc
755 4218 893 4273 audiebat.
912 4217 1032 4288 denique
1053 4216 1082 4268 in
1099 4213 1179 4266 nobis
