3026 4924
501 263 577 326 uu.
597 264 653 328 ιιι.
683 261 773 328 σιν.
792 267 833 326 v.
1103 241 1188 354 269

105 412 168 490 θεός
188 409 237 476 ότι
259 408 480 496 όπερόσχνσαν
512 409 540 476 οἱ
562 410 647 496 λόγοι
668 413 727 476 τοῦ
747 409 849 495 Σογόν
870 415 984 494 παοοό,
1005 415 1060 480 κατ’
1076 415 1112 480 ἐκ
1131 417 1190 482 τοῦ
1296 467 1297 470 ,

104 513 218 599 φθόνον
241 501 364 595 ήθελεν,
388 512 420 576 εἰ
439 509 582 592 δυνατόν,
604 513 735 596 ποιήσαι
756 509 903 595 μηχανήν
918 513 970 576 ἵνα
992 513 1087 578 οόδὲν
1107 513 1190 600 πρό·

104 617 190 690 terre
225 607 307 674 κατά
337 613 394 693 τῆς
410 606 539 686 πόλεως.
589 607 726 694 δμήνοσε
749 613 792 696 τῷ
812 607 998 692 βασιλεῖ,τά
1020 615 1190 694 συμβάντα

102 711 153 776 κατ’
170 697 304 797 παρῄνει
319 706 417 774 αότόν
433 706 482 800 ιμή
496 713 681 796 φοβεῖσθαι,
702 707 786 776 διότι
806 713 841 776 ἐν
860 719 927 788 τοῖς
939 713 1088 790 πολέμοις
1108 705 1190 798 οἴδη.

79 807 149 884 §tir
169 805 255 874 ἐστιν
278 807 297 891 ή
317 807 401 892 τόχη
423 803 591 885 πολλάκις·
646 810 702 872 καί
724 805 777 872 διό
799 811 895 872 τοῦτο
915 807 944 874 οἱ
966 807 1107 895 φόλακες
1125 837 1190 898 φο-

101 907 292 972 λοττὲτωσαν
313 905 489 990 ἀγρύπνους.
547 899 587 991 ἦν
609 907 644 972 δὲ
666 909 761 970 τοῦτο
791 906 829 994 τῇ
851 901 971 994 ἑβδόμη
993 912 1048 974 και1
1065 911 1191 996 εἰκοστή
1242 991 1245 998 .

101 1009 154 1070 τοῦ
172 1009 289 1072 Μαΐου
312 1001 441 1094 ἑσπέρᾳ.
486 1006 505 1071 ό
527 1009 563 1072 δὲ
580 1007 707 1090 ἀμηρῶς
724 1003 904 1090 προστάξας
922 1009 966 1072 δι’
978 1001 1052 1094 όλης
1071 1011 1191 1093 ε’κεόνης

100 1109 152 1188 τής
173 1105 288 1180 νυκτός
308 1109 364 1168 καί
381 1107 438 1189 τῆς
455 1105 605 1190 δπιοόσης
624 1103 746 1190 ήμόρας
763 1109 856 1192 φῶτα
876 1107 933 1172 κατ’
954 1105 1076 1192 φανοός
1098 1105 1190 1191 ποιή-

100 1228 187 1282 σασι,
210 1201 266 1268 κατ’
286 1203 409 1288 νήστεις
424 1207 466 1268 δι’
488 1201 560 1288 όλης
580 1208 636 1288 τής
664 1203 786 1289 ἡμέρας
798 1207 1001 1271 διατελέσωσι
1021 1207 1077 1270 καί
1094 1203 1191 1272 ἐπτό-

65 1327 144 1380 ιοιιις
163 1307 349 1383 λονσδῶοι,
381 1301 437 1368 καὶ
454 1306 513 1368 τοῦ
529 1304 610 1366 θεοῦ
631 1300 755 1386 νήστεις
775 1305 831 1368 κατ’
851 1308 993 1388 καθαροί
1012 1306 1190 1389 δεηθῶσιν,

99 1401 182 1480 sinu:
209 1399 266 1486 τήν
299 1397 390 1469 πόλιν
418 1404 605 1484 νικήσασινι
647 1399 740 1468 istus*
760 1403 891 1486 ἐγένετο.
934 1405 974 1491 τῇ
997 1406 1033 1469 δὲ
1056 1407 1191 1494 δευτέρη

97 1497 231 1584 ἑσπέρας
254 1499 309 1568 όπί
335 1502 393 1586 τήν
425 1501 518 1585 ήλόον
550 1504 642 1566 δόσιν
666 1501 747 1582 μοτά
779 1499 815 1566 τό
839 1501 1010 1586 ἀριστῆσαι
1032 1497 1191 1580 αότοόςό

99 1591 152 1665 esis
183 1601 310 1686 ἀμηράς
339 1599 467 1676 σταθείς
489 1603 677 1684 δημηγορῶν
707 1601 810 1666 τοῦτο
832 1597 905 1687 ἔφη.
961 1605 1011 1688 (5)
1029 1595 1077 1668 “ol
1098 1606 1191 1670 τέκνα

99 1698 251 1786 φίλτατα,
281 1697 368 1784 παρὰ
389 1703 448 1765 τοῦ
468 1702 547 1764 θεοῦ
566 1701 622 1764 καλ
650 1703 709 1764 τοῦ
729 1699 829 1765 uisuri
849 1699 1013 1787 προφήτου
1036 1700 1193 1784 Μοιάμεδ

62 1799 149 1866 sistus*
167 1803 250 1880 ἐμοῦ
270 1801 328 1864 τοῦ
354 1795 471 1862 δοόλοο
492 1798 597 1864 αότοό
625 1799 738 1880 δέομαι
762 1795 818 1864 καί
835 1803 1011 1884 παρακαλῶ
1030 1795 1117 1882 όμάς
1138 1801 1190 1866 ἵνα

98 1897 149 1964 ε’πό
167 1894 228 1982 τήν
247 1887 359 1982 αὔριον
379 1889 466 1975 ἀξιον
489 1894 580 1980 ἔργον
596 1897 722 1982 μνήμης
737 1898 869 1964 αἰοονιόο
889 1897 1048 1984 ποιήσητε,
1072 1894 1115 1975 ῶς
1137 1901 1192 1964 ssu*

99 1995 126 2062 ui
146 1996 209 2084 πρό
230 1993 320 2079 ήμῶν
342 1999 507 2079 πανταχοῦ
520 1999 579 2070 ἓως
599 2003 657 2060 susi
669 1999 736 2074 νῦν,
760 1996 802 2071 ῶς
814 1991 953 2082 φανερόν
973 1999 1069 2078 ἐστιν,
1084 1999 1192 2082 ἐποίη-

97 2121 166 2179 σαν,
186 2096 243 2160 κατ’
258 2093 342 2176 μετά
363 2099 547 2178 προδιιμόας
568 2093 624 2158 καί
639 2094 854 2179 γενναιότητος
875 2093 930 2158 καί
949 2097 1192 2180 μεγαλοψυχίας

97 2195 166 2272 τοός
187 2201 315 2277 τείχους
346 2187 469 2260 ἄνωθεν
498 2191 579 2276 μετὰ
600 2195 662 2258 τῶν
684 2194 845 2276 κλιμάκων
866 2192 910 2270 ῶς
932 2199 1086 2278 πτερωτοί
1104 2197 1189 2260 διόλ-

57 2299 190 2378 ιοδητε·
231 2301 286 2360 καί
306 2293 363 2377 τήν
386 2293 496 2379 φήμην
518 2289 556 2378 ήν
576 2289 605 2358 οἱ
627 2291 687 2376 πρό
712 2293 811 2376 ἡμῶν,
833 2293 877 2370 ῶς
896 2289 1038 2375 εἴπομεν,
1060 2295 1189 2376 saepeq-

96 2421 153 2460 σαν
176 2395 231 2460 κατ’
250 2395 268 2458 ό
288 2392 365 2469 θεός
385 2389 568 2476 ἐχαρίσατο,
589 2389 633 2476 μή
655 2395 777 2476 γένοιτο
795 2393 848 2457 ἵνα
871 2391 963 2476 ἡμεῖς
984 2392 1190 2473 ἀπολέσωμεν

96 2491 206 2579 αάτήν,
230 2491 311 2558 ἀλλά
339 2497 480 2574 μάλιστα
511 2495 568 2556 νόν
598 2492 616 2575 ή
649 2487 718 2576 ῶρα
744 2483 867 2576 ήγγικον
885 2491 938 2556 ἳνα
959 2485 1062 2575 αότήν
1087 2497 1187 2556 πολο-

161 2709 188 2758 9.
209 2692 257 2742 καὶ
276 2687 336 2743 δατ.
356 2717 390 2726 -
411 2683 666 2751 νικήσωσινοιιολ)
757 2687 796 2738 ιλ.
817 2677 848 2756 ὦ]
872 2680 908 2746 ῶς
928 2679 957 2734 Μ
1050 2687 1089 2753 ιή.
1108 2677 1186 2756 παρό

162 2759 244 2810 οιιιΡ
335 2774 374 2825 sp.
394 2755 516 2823 δήλόνΡ

96 2937 182 3006 Sugau
201 2937 293 3008 pariae
312 2933 448 2987 sententis
466 2931 672 3002 praevaluisset,
689 2929 889 2998 constituitque
908 2943 942 2978 ex
961 2925 1079 2990 invidia,
1098 2935 1143 2991 ut,
1164 2931 1187 2982 si

95 3017 192 3076 poaset,
211 3005 373 3077 impediret,
399 3020 435 3056 ue
463 3003 533 3074 quid
548 3003 714 3072 proficerent
738 3001 866 3052 adversus
892 2997 997 3050 urbesu.
1027 2997 1188 3066 significavit

95 3079 266 3150 imperaturi,
284 3075 351 3148 quid
369 3073 524 3137 accidisset,
546 3089 662 3144 eumque
684 3071 809 3124 hortatus
826 3076 885 3132 est,
902 3085 938 3119 ue
955 3075 1098 3132 metueret,
1116 3087 1188 3138 quo.

95 3151 165 3202 saissu
181 3151 210 3202 lu
230 3147 311 3200 bellis
328 3145 401 3200 varia
420 3153 449 3197 et
466 3161 565 3214 suceps
583 3144 694 3196 lurtuua
712 3144 814 3196 eoleset
837 3155 903 3192 esse.
921 3135 1038 3208 proinde
1057 3138 1185 3192 custodes

95 3219 217 3274 escubiss
236 3218 381 3290 pervigiles
405 3223 526 3286 egerent.
554 3214 684 3284 agebatur
708 3211 761 3266 hou
784 3227 897 3280 vespera
924 3209 1045 3262 vicesimi
1078 3209 1187 3280 septimi

95 3293 149 3342 diei
164 3291 263 3344 mensis
281 3289 357 3342 Maii.
376 3303 479 3340 erueras
496 3287 647 3355 imperavit,
663 3293 695 3336 ut
712 3300 763 3353 per
781 3289 867 3334 totssu
889 3296 947 3330 essu
965 3287 1072 3330 uectem
1092 3289 1121 3332 et
1139 3297 1186 3332 se-

95 3371 220 3432 quentem
237 3361 311 3414 sliesu
329 3359 404 3429 ignes
416 3357 544 3428 facesque
562 3354 697 3416 arderent,
715 3353 817 3405 milites
837 3359 896 3403 toto
918 3349 963 3402 die
980 3349 1137 3402 ieiunareut
1154 3359 1185 3404 et

98 3433 246 3486 lavarentur
264 3431 376 3500 septies,
395 3445 427 3480 su
445 3428 526 3480 eleum
546 3425 632 3477 ieiuni
649 3425 755 3494 lotique
774 3421 935 3492 suppliciter
955 3427 1080 3488 rogarent
1098 3437 1186 3490 expu-

96 3505 246 3570 guationem
267 3500 350 3554 urbis.
374 3501 413 3552 its
431 3515 516 3570 quum
535 3495 636 3548 sactum
655 3503 734 3558 eeset,
754 3493 841 3545 altera
860 3491 972 3558 vespera
989 3490 1040 3541 sub
1059 3499 1184 3544 occssus‘u

95 3575 158 3626 solis
173 3583 235 3644 poet
252 3572 397 3643 prandium
416 3586 518 3622 erueras
537 3567 619 3620 talesu
637 3563 673 3618 sel
691 3565 793 3616 milites
813 3563 973 3614 cuueiouesu
993 3559 1097 3644 hebuit
1134 3562 1185 3634 (5.)

94 3641 168 3696 “lilii
184 3643 371 3707 dilectissimi,
398 3657 448 3711 per
465 3639 547 3692 deum
565 3645 594 3690 et
610 3635 802 3698 Mulssusetesu,
819 3631 981 3702 prophetam
1001 3647 1069 3696 esus,
1087 3641 1117 3686 et
1132 3650 1185 3698 use,

96 3713 213 3768 eiusdem
233 3731 350 3776 servum,
367 3711 478 3766 obsecro
496 3727 543 3762 vos
561 3707 728 3778 hortorque,
747 3713 780 3758 ut
796 3705 914 3756 erastino
933 3701 978 3754 die
997 3718 1053 3754 seur
1071 3719 1185 3773 peraps-
1214 3750 1217 3760 ,

94 3786 130 3838 tis
147 3787 264 3839 omniura
275 3783 445 3836 saeculorum
455 3781 584 3834 memoris
601 3777 725 3848 diguam,
739 3773 834 3847 quales
853 3773 889 3824 ad
906 3772 979 3825 huuc
1005 3789 1091 3843 usque
1111 3773 1185 3826 diere

95 3856 206 3910 maiores
230 3863 338 3908 nostrus
366 3853 455 3906 ubivis
479 3853 575 3906 iecisse
604 3857 729 3911 cunstat,
753 3857 782 3902 et
804 3845 906 3906 alacri,
924 3859 1054 3912 generoso
1073 3853 1102 3896 et
1119 3845 1184 3898 lorti

96 3928 181 3978 suisne
198 3927 308 3980 usoeuiu
323 3942 372 3995 pes
389 3923 474 3976 seslas
496 3930 625 3990 tauquam
652 3921 732 3972 alites
751 3915 913 3975 escendatis,
931 3930 999 3966 neve
1016 3915 1135 3979 accidet,
1153 3925 1186 3969 ut

97 3997 210 4064 gloriasse,
230 4015 246 4050 a
265 3994 422 4056 maioribus,
442 4003 473 4046 ut
489 3992 555 4054 dixi,
573 3992 724 4062 quaesitam
738 3997 767 4040 et
786 4003 801 4038 s
818 3985 871 4038 deu
890 3984 1026 4050 denatum,
1045 4001 1094 4037 uos
1112 4003 1185 4038 suune

95 4068 260 4132 amittemus,
288 4083 372 4138 qssusu
397 4065 497 4118 eximie
514 4062 653 4130 augendae
682 4061 739 4113 eiue
762 4067 870 4126 ternpus
896 4053 990 4108 adsit”
1010 4055 1069 4108 aliis
1090 4058 1183 4109 multis

96 4135 197 4192 bellicis
214 4139 294 4192 dietis
306 4136 342 4190 ssl
352 4133 543 4190 fortitudinem
556 4149 603 4186 eeu
613 4131 768 4186 cohortatus
786 4138 836 4193 est,
855 4135 886 4180 ut
894 4140 1003 4181 strenue
1020 4135 1181 4198 pugnarent.
