3026 4924
332 283 417 368 216
651 310 823 376 osorton
854 307 1096 374 υυειυτιλε

328 452 380 522 ότι
400 461 482 535 τινές
510 460 546 523 ἐκ
566 461 622 543 τῆς
640 461 776 541 Ἰβηρίας
796 457 1008 542 ἐληλύθασιν,
1034 457 1133 546 ε’όοας
1154 451 1190 518 τό
1212 451 1410 538 ουιέγριονδι

327 568 393 634 τοῖς
427 559 612 643 όνακτόροις
634 553 713 642 ἦλθε
742 557 826 638 μετὰ
850 560 968 640 χαραῖς.
1005 545 1085 642 ε’νῷ
1117 551 1156 636 δη
1184 556 1286 640 καιρῷ
1313 551 1410 640 ἔφθα·

325 681 386 722 σαν
417 655 447 722 oi
475 659 747 741 χαρτοκομισταδ,
776 658 816 741 τῇ
846 654 892 738 κη’
919 657 979 720 τοῦ
1003 656 1131 734 Μαΐου,
1161 655 1198 738 τῇ
1216 653 1299 739 αδτῇ
1331 656 1411 720 wat

325 755 499 820 δπνοόττυιν
524 753 630 839 έφόνη
649 781 704 834 μοι
733 757 799 818 κατ’
831 747 909 836 όναρ
934 748 984 816 ὅτι
1017 751 1073 816 καέ
1097 749 1157 834 ἐγώ
1180 752 1225 826 εἰς
1246 749 1303 834 τὴν
1322 755 1411 816 Κοιν-

324 854 582 920 σταντινοόπολιν
605 852 749 939 ἔφθασα,
780 856 837 916 κατ’
856 845 1076 935 πρυσσπεόσας
1104 851 1147 938 τῷ
1165 853 1297 929 βασιλεῖ
1312 850 1433 918 rinno-5
1502 885 1503 954 q

324 955 448 1036 σθῆναό
463 977 504 1033 με
531 952 606 1028 νοός
636 955 736 1028 πόδας
767 953 866 1016 αότοό
888 952 945 1015 οόκ
969 947 1057 1014 εἴασέ
1075 973 1131 1030 με,
1166 949 1235 1012 ἀλλ’
1256 947 1410 1030 ἐπιλαβόν

324 1051 475 1134 ἀνέστησέ
502 1075 542 1132 με
576 1048 632 1114 καὶ
657 1052 847 1137 κιιτεφιλησέ
874 1071 937 1130 μου
965 1048 1041 1123 τεός
1067 1043 1267 1134 όφθαλμοός.
1318 1045 1411 1130 ἔγωγε

324 1148 455 1228 ἔξυπνος
475 1147 639 1233 γενόμενος
655 1145 743 1214 εόπον
764 1158 830 1224 τοῖς
844 1147 920 1232 περδ
939 1143 1145 1229 ἐμὲόπνοόσι
1166 1144 1200 1212 τό
1223 1143 1342 1230 όραμα,
1362 1149 1413 1212 καί
1503 1162 1504 1184 ¹

325 1244 410 1324 ὅπως
431 1251 489 1330 τῆς
508 1249 636 1332 ἡμέρας.
655 1243 908 1332 μνημονεόυιυσι.
962 1243 1042 1312 έδιδν
1061 1239 1120 1312 οὖν
1140 1245 1158 1309 o‘
1179 1248 1335 1330 αὐθέντης
1352 1271 1412 1328 μον

326 1351 382 1412 κατ’
400 1347 551 1428 βασιλευς
578 1345 623 1431 μὴ
654 1350 760 1412 ἐλθεῖν
780 1371 821 1430 με
850 1341 919 1412 ἀλλ’
941 1348 975 1412 ἐκ
1000 1350 1062 1410 τοῖν
1083 1343 1255 1427 οὐνόματ’,
1284 1345 1340 1410 καὶ
1359 1343 1455 1429 τηειρ

325 1447 455 1530 πριότην
476 1444 605 1532 γραφὴν
626 1445 813 1529 ἀναγνώσας
840 1449 1013 1528 περιλυπος
1033 1444 1151 1526 ἐγένετο
1171 1443 1227 1508 καέ
1244 1442 1413 1531 ἐδυσφόρει

324 1548 509 1628 κατηγορῶν
529 1543 588 1628 τὴν
608 1543 690 1628 έμήν
709 1545 909 1630 βραδότητα·
958 1540 1001 1620 σός
1022 1546 1058 1608 δέ
1075 1542 1138 1628 ,την
1160 1539 1271 1626 ἑτέραν
1289 1542 1415 1630 γραφήν

324 1646 379 1710 ἐπέ
407 1644 464 1729 την
492 1639 606 1730 αόριον
635 1648 772 1728 α’νέγνω,
804 1648 860 1710 καί
878 1644 995 1726 μαθόνν
1015 1649 1141 1726 μέλλειν
1161 1648 1265 1710 έλθεῖν
1284 1643 1340 1708 διό
1361 1647 1415 1725 τῆς

324 1747 470 1830 γραφῆς,
502 1743 573 1810 ι’δοό
604 1745 743 1828 η’ρκέοθη
769 1743 825 1810 κατ’
842 1743 967 1826 χαρίεις
988 1745 1187 1824 έναπέμεινε·
1243 1745 1299 1808 κατ’
1318 1741 1415 1818 εόθός

325 1839 530 1926 οἰκονομήσας
552 1841 711 1928 Μανυυηλ
742 1841 797 1908 τόν
818 1839 1042 1924 Παλαιολόγον
1069 1840 1124 1906 τόν
1147 1845 1204 1926 τῆς
1228 1845 1457 1910 Καντακου-ι5

326 1947 421 2027 ζηνῆς
451 1945 506 2025 τῆς
537 1943 870 2026 πριοτοστρατορόιοης
901 1941 1056 2022 α’νεψιόν,
1080 1943 1294 2018 ἐξαπέστειλεν
1318 1939 1414 2006 αότόν

324 2040 405 2121 πρός
428 2040 483 2108 τόν
512 2045 568 2124 τῆς
592 2045 726 2125 Σερβιάς
758 2040 934 2124 δεσπότην,
955 2039 1007 2104 ἵνα
1025 2038 1178 2127 δοκιμάσῃ
1194 2043 1250 2105 xes*
1269 2038 1321 2128 ἴδη
1342 2037 1416 2122 περὶ

324 2265 376 2316 τες
395 2237 424 2304 oi
443 2249 546 2323 γονεῖς
568 2237 669 2323 αὐτῆς
699 2240 799 2322 ἡδέως
831 2237 887 2304 καί
907 2240 1051 2316 αἀμένοις
1071 2236 1128 2303 τόν
1147 2238 1240 2320 λόγον
1259 2241 1415 2320 ἐδέξαντο,

324 2339 379 2402 κατ’
397 2335 531 2418 έτοόμυος
548 2333 635 2420 εἶχον
650 2339 852 2424 ἐκπληρῶσαι
882 2337 938 2402 καί
956 2335 991 2400 τό
1015 2335 1116 2421 ἔργον.
1159 2330 1256 2402 ἄλλον
1275 2338 1336 2422 γὰρ
1359 2336 1459 2406 otioso

325 2436 464 2502 εἰιοόλυσε
484 2433 521 2500 τό
545 2441 686 2500 τοιοῦτον
709 2439 904 2502 συνοικέσιον
923 2437 955 2502 εἰ
972 2435 1017 2520 μη
1039 2429 1124 2521 ότιῆ
1147 2435 1310 2521 α’μὴριυσα
1328 2437 1416 2520 έδεὴ·

324 2541 370 2618 θη
393 2538 451 2598 τοῦ
483 2536 564 2598 θεοῦ
584 2535 743 2618 εὐχομένη
774 2534 897 2614 τόξασα
928 2531 977 2599 ἔτι
1007 2538 1121 2614 ζῶντος
1149 2538 1207 2600 τυό
1225 2537 1337 2620 α’μηρᾶ
1365 2535 1418 2600 καί

327 2633 444 2719 α’νδρός
465 2631 572 2718 αὑτῆς,
592 2635 623 2699 εἰ
640 2633 657 2700 o‘
677 2631 756 2710 θεός
777 2635 832 2722 οἴῳ
854 2633 893 2718 δή
914 2657 990 2698 ποτε
1009 2631 1116 2722 τρόπῳ
1137 2631 1338 2723 ἐλευθερώσῃ
1361 2635 1416 2698 ati·

325 2732 382 2820 τὴν
411 2736 446 2800 ἐκ
479 2732 538 2810 τός
565 2737 627 2800 τοῖν
648 2736 772 2818 α’σερυἶν
799 2741 927 2819 χεῖρας,
959 2731 1055 2823 ἑτέρῳ
1079 2734 1176 2819 όνδρδ
1192 2737 1304 2820 μηκέτι
1323 2736 1360 2802 ἐν
1378 2737 1419 2821 τῇ

397 2937 422 2990 3.
442 2937 728 3008 γραμματοκομισταλ
745 2935 775 2988 M
864 2934 889 3002 4.
908 2937 967 2987 κατ’
988 2933 1060 3006 ὄναρ
1079 2933 1162 2987 omP
1253 2933 1292 2986 ιλ.
1312 2927 1418 3006 μινθόν

398 3007 491 3064 ἐλθεῖν
505 3023 543 3079 με
558 3008 697 3079 μᾶλλονΡ
791 3009 832 3062 ιθ.
850 3009 1011 3076 γέγραπται
1029 3005 1049 3056 Ρ

327 3187 399 3238 nisse
419 3184 550 3256 quosdam
572 3201 604 3237 ex
622 3183 722 3248 Iberia,
740 3184 833 3238 relico
851 3185 1004 3248 venatione,
1025 3182 1205 3238 laetabundos
1222 3184 1353 3256 palatium
1369 3201 1418 3256 ps·

327 3258 379 3308 tiit.
410 3273 464 3325 quo
482 3264 604 3325 tempore
631 3255 767 3308 tabellarii
793 3254 977 3319 advenerunt,
1005 3255 1050 3307 die
1075 3255 1315 3319 semitarisia
1335 3264 1417 3308 nocte

328 3344 379 3396 per
397 3343 519 3378 somnum
535 3327 608 3377 visos
630 3324 697 3378 mibi
717 3334 820 3378 sumet
844 3326 902 3394 ipse
921 3326 1014 3378 adesse
1034 3327 1126 3397 cpoli,
1145 3343 1282 3398 quumque
1301 3328 1417 3380 testim-

326 3397 434 3448 remoti
453 3399 650 3466 imperatorem,
668 3413 755 3464 genos
778 3397 835 3448 eius
852 3397 1032 3466 amplexuros,
1064 3398 1175 3448 retineri
1195 3397 1229 3449 sb
1250 3415 1282 3448 eo
1304 3407 1332 3450 et
1350 3397 1416 3450 sub-

326 3469 411 3520 levari
432 3475 460 3519 et
478 3467 570 3519 osonio
589 3467 708 3518 salutari.
727 3465 939 3536 expergefactus,
958 3469 1006 3530 iis,
1024 3468 1071 3537 qqi
1085 3469 1155 3519 circs
1172 3485 1215 3520 me
1235 3467 1416 3529 dormiebant,

326 3539 458 3590 somnium
473 3538 588 3601 narravi,
601 3547 683 3608 atque
696 3537 761 3598 disi,
773 3546 803 3589 ut
815 3537 869 3588 diei
881 3540 1075 3590 meminissent.
1090 3539 1235 3607 imperator
1252 3548 1351 3600 nutem,
1364 3537 1416 3590 ‹lo-

325 3610 509 3668 minuemus,
522 3609 568 3658 ubi
583 3625 639 3660 non
653 3609 740 3676 ipsum
755 3625 807 3668 me,
820 3607 894 3659 sede
907 3607 1050 3660 comitibus
1060 3609 1178 3678 aliquem
1191 3608 1284 3661 edesse
1294 3607 1417 3660 animad-

325 3681 414 3742 vertit,
428 3687 456 3730 et
472 3680 589 3748 priorem
599 3679 665 3746 tegit
678 3679 831 3748 epistolam,
843 3687 961 3730 moestos
971 3681 1066 3743 sactus,
1085 3681 1227 3748 segnitiam
1237 3697 1322 3732 mesm
1334 3695 1415 3748 aegre

326 3749 393 3800 tulit
413 3750 548 3800 accusavit
569 3766 611 3800 ue.
633 3749 679 3799 obi
697 3757 787 3800 nutem
805 3749 917 3800 niteram
936 3749 980 3801 die
999 3751 1125 3821 sequenti
1145 3751 1212 3819 legit
1229 3767 1326 3822 meque
1344 3765 1415 3802 ven-

326 3827 415 3870 turum
437 3834 495 3870 esse
521 3818 548 3868 di
571 3821 632 3881 eit,
650 3821 788 3890 acquievit
811 3827 839 3870 et
857 3819 978 3872 loetitiae
1004 3837 1033 3872 se
1053 3819 1137 3884 dedit,
1165 3822 1308 3892 statimque
1325 3837 1414 3872 rerum

326 3889 424 3940 notitia
443 3891 601 3940 instructum
616 3889 769 3942 Monuelem
789 3889 995 3958 Poineoiogom,
1013 3891 1215 3944 Cantsonzenae
1233 3899 1414 3962 protostrato-

326 3962 408 4011 rissne
425 3958 631 4022 consobrinum,
648 3959 684 4011 nd
706 3960 845 4030 despoton]
865 3961 972 4014 serviae
990 3961 1124 4030 ablegavit
1133 3967 1150 4026 ,'
1171 3971 1203 4014 ut
1219 3963 1242 4014 is
1263 3961 1297 4014 de
1315 3963 1415 4014 conin-

325 4031 380 4098 gio,
399 4028 433 4080 de
463 4046 518 4099 qno
538 4031 703 4096 scripseram,
721 4032 874 4100 inquireret
896 4049 926 4082 nc
944 4032 1056 4084 videret.
1076 4041 1200 4104 parentes
1219 4034 1277 4085 eius
1296 4032 1417 4085 libenter

326 4110 354 4153 et
379 4098 476 4168 cupide
502 4098 688 4152 conditionem
716 4110 893 4172 occeperunt,
919 4111 947 4154 et
975 4101 1010 4154 ad
1036 4120 1090 4155 rem
1117 4103 1304 4173 perficiendam
1324 4103 1415 4173 panti

326 4179 410 4224 erant.
430 4169 506 4223 nolin
525 4170 596 4222 enim
613 4171 666 4222 aiio
691 4187 732 4224 res
752 4171 781 4224 id
803 4173 958 4242 coniugium
979 4172 1155 4245 impediebat,
1176 4175 1230 4228 nisi
1249 4171 1319 4246 qood
1337 4189 1413 4226 eme-
